[
  {
    "id": 714,
    "catalog_file_id": 72,
    "produit": "Steak haché surgelé",
    "description": "12 SH à 19,80 LE KG",
    "prix": 29.7,
    "unite": 1,
    "image_filename": null
  },
  {
    "id": 715,
    "catalog_file_id": 72,
    "produit": "colis boeuf",
    "description": "colis 6,500 à 7KG environ prix 19,80 € / KG  \r\n- partie fixe (entrecôte, faux filet, rôti, rumsteak )\r\n- partie au choix 3 KG  à préciser  ( bourguignon ou/et jarret ou/et merguez ou/et steaks hachés surgelés)",
    "prix": 130,
    "unite": 1,
    "image_filename": null
  },
  {
    "id": 716,
    "catalog_file_id": 72,
    "produit": "Colis de veau",
    "description": "colis environ 5,500 KG prix 20,30 € / kg\r\nrôti, côtes filets, côtes découvertes, escalopes, poitrine, sauté, saucisse pur veau",
    "prix": 110,
    "unite": 1,
    "image_filename": null
  },
  {
    "id": 718,
    "catalog_file_id": 73,
    "produit": "boudin porc kintoa AOP 190 g ",
    "description": "bocal de 190 g",
    "prix": 4.5,
    "unite": 1,
    "image_filename": null
  },
  {
    "id": 719,
    "catalog_file_id": 73,
    "produit": "Colis de porc Kintoa AOP",
    "description": "Colis de viande fraiche 5 KG (sous vide)\r\nrôti, saucisses, côtes, txistorra, ventrèche, boudinettes",
    "prix": 75,
    "unite": 1,
    "image_filename": null
  },
  {
    "id": 720,
    "catalog_file_id": 73,
    "produit": "confit de porc kintoa AOP",
    "description": " bocal de 500 g",
    "prix": 14,
    "unite": 1,
    "image_filename": null
  },
  {
    "id": 721,
    "catalog_file_id": 73,
    "produit": "saucisson de porc kintoa AOP",
    "description": "45€ le kg environ 230 g",
    "prix": 10,
    "unite": 1,
    "image_filename": null
  },
  {
    "id": 722,
    "catalog_file_id": 73,
    "produit": "ventreche de porc kintoa AOP",
    "description": "poitrine séchée tranchée sous vide environ 220 g. 22 € le kg",
    "prix": 4.8,
    "unite": 1,
    "image_filename": null
  },
  {
    "id": 723,
    "catalog_file_id": 73,
    "produit": "hure kintoa 190g",
    "description": "pâté de tête bocal de 190g",
    "prix": 4.5,
    "unite": 1,
    "image_filename": null
  },
  {
    "id": 724,
    "catalog_file_id": 73,
    "produit": "jambon de porc kintoa AOP ",
    "description": "tranché sous vide environ 120 g à 90 € le kg (24 mois d'affinage)",
    "prix": 11,
    "unite": 1,
    "image_filename": null
  },
  {
    "id": 726,
    "catalog_file_id": 73,
    "produit": "saucisses confites kintoa",
    "description": "bocal de  500g",
    "prix": 13,
    "unite": 1,
    "image_filename": null
  },
  {
    "id": 727,
    "catalog_file_id": 73,
    "produit": "pate porc kintoa ",
    "description": "bocal de190g",
    "prix": 4.5,
    "unite": 1,
    "image_filename": null
  },
  {
    "id": 728,
    "catalog_file_id": 73,
    "produit": "coppa kintoa",
    "description": "sous vide environ 140 g. 45 € le kg",
    "prix": 6.3,
    "unite": 1,
    "image_filename": null
  },
  {
    "id": 730,
    "catalog_file_id": 74,
    "produit": "Viande haché",
    "description": "500 G DLC 6 jours",
    "prix": 10,
    "unite": 1,
    "image_filename": null
  },
  {
    "id": 731,
    "catalog_file_id": 75,
    "produit": "Araignee de porc  La ferme d'Arracq",
    "description": " Sous vide environ 300 G ",
    "prix": 5.35,
    "unite": 1,
    "image_filename": null
  },
  {
    "id": 732,
    "catalog_file_id": 75,
    "produit": "Chair à saucisse La ferme d'Arracq",
    "description": "Sous vide environ 500 G ",
    "prix": 5.95,
    "unite": 1,
    "image_filename": null
  },
  {
    "id": 733,
    "catalog_file_id": 75,
    "produit": "Lardons séchés La ferme d'Arracq",
    "description": "Sous vide environ 200 G \r\n ",
    "prix": 3.54,
    "unite": 1,
    "image_filename": null
  },
  {
    "id": 734,
    "catalog_file_id": 75,
    "produit": "Txitorra par 5 La ferme d'Arracq",
    "description": "sous vide environ 350 G ",
    "prix": 5.02,
    "unite": 1,
    "image_filename": null
  },
  {
    "id": 735,
    "catalog_file_id": 75,
    "produit": "Poitrine de porc tranchée par 5 La Ferme d'Arracq",
    "description": "Sous vide environ 250 G ",
    "prix": 2.74,
    "unite": 1,
    "image_filename": null
  },
  {
    "id": 736,
    "catalog_file_id": 75,
    "produit": "Saucisse de Toulouse par 3 La Ferme d'Arracq",
    "description": "Sous vide environ 250 G ",
    "prix": 3.59,
    "unite": 1,
    "image_filename": null
  },
  {
    "id": 739,
    "catalog_file_id": 75,
    "produit": "Chipolata par 5 La ferme d'Arracq",
    "description": "Sous vide environ 350 G ",
    "prix": 5.02,
    "unite": 1,
    "image_filename": null
  },
  {
    "id": 742,
    "catalog_file_id": 75,
    "produit": "Cote de porc par 3 La ferme d'Arracq",
    "description": " Sous vide environ 600 G ",
    "prix": 7.63,
    "unite": 1,
    "image_filename": null
  },
  {
    "id": 743,
    "catalog_file_id": 75,
    "produit": "Coustou frais La ferme d'Arracq",
    "description": "Sous vide environ 500 G ",
    "prix": 3.82,
    "unite": 1,
    "image_filename": null
  },
  {
    "id": 744,
    "catalog_file_id": 75,
    "produit": "Filet mignon La ferme d'Arracq",
    "description": " Sous vide environ 600 G ",
    "prix": 10.7,
    "unite": 1,
    "image_filename": null
  },
  {
    "id": 745,
    "catalog_file_id": 75,
    "produit": "jambon blanc cuit  4 tranches La ferme d'Arracq",
    "description": "sous vide environ 200 G",
    "prix": 5.99,
    "unite": 1,
    "image_filename": null
  },
  {
    "id": 746,
    "catalog_file_id": 75,
    "produit": "Lardons frais La ferme d'Arracq",
    "description": " Sous vide environ 200 G ",
    "prix": 2.67,
    "unite": 1,
    "image_filename": null
  },
  {
    "id": 747,
    "catalog_file_id": 75,
    "produit": "Lardons séchés La Ferme d'Arracq",
    "description": "sous vide environ 200 G  ",
    "prix": 3.54,
    "unite": 1,
    "image_filename": null
  },
  {
    "id": 748,
    "catalog_file_id": 76,
    "produit": "CITRON JAUNE_green organic antonio gonzalez_Kilo_",
    "description": "CITRON JAUNE",
    "prix": 2.5,
    "unite": 1,
    "image_filename": null
  },
  {
    "id": 749,
    "catalog_file_id": 76,
    "produit": "AVOCAT_green organic antonio gonzalez_Kilo_",
    "description": "AVOCAT",
    "prix": 6.5,
    "unite": 1,
    "image_filename": null
  },
  {
    "id": 751,
    "catalog_file_id": 76,
    "produit": "patates douces_green organic antonio gonzalez_Kilo_",
    "description": "patates douces",
    "prix": 2.8,
    "unite": 1,
    "image_filename": null
  },
  {
    "id": 752,
    "catalog_file_id": 76,
    "produit": "PISTACHES SANS SEL 200GR ANTONIO GREEN ORGANIC_green organic antonio gonzalez_Unite_",
    "description": "PISTACHES SANS SEL 200GR ANTONIO GREEN ORGANIC",
    "prix": 6,
    "unite": 1,
    "image_filename": null
  },
  {
    "id": 753,
    "catalog_file_id": 76,
    "produit": "citrons verts_green organic antonio gonzalez_Kilo_",
    "description": "citrons verts",
    "prix": 3.5,
    "unite": 1,
    "image_filename": null
  },
  {
    "id": 754,
    "catalog_file_id": 76,
    "produit": "CURCUMA FRAIS ANTONIO GREEN ORGANIC_green organic antonio gonzalez_Kilo_",
    "description": "CURCUMA FRAIS ANTONIO GREEN ORGANIC",
    "prix": 9,
    "unite": 1,
    "image_filename": null
  },
  {
    "id": 755,
    "catalog_file_id": 76,
    "produit": "FRUIT DE LA PASSION_green organic antonio gonzalez_Kilo_",
    "description": "FRUIT DE LA PASSION par 1 kg(15,50€ kg )ou par  3kg 15€kg",
    "prix": 15.5,
    "unite": 1,
    "image_filename": null
  },
  {
    "id": 756,
    "catalog_file_id": 76,
    "produit": "GINGEMBRE_green organic antonio gonzalez_Kilo_",
    "description": "GINGEMBRE",
    "prix": 9,
    "unite": 1,
    "image_filename": null
  },
  {
    "id": 759,
    "catalog_file_id": 76,
    "produit": "ORANGE_green organic antonio gonzalez_Kilo_",
    "description": "ORANGE",
    "prix": 2.1,
    "unite": 1,
    "image_filename": null
  },
  {
    "id": 761,
    "catalog_file_id": 77,
    "produit": "Champagne BRUT Premium_Rigot Caillez_Unite_",
    "description": "Champagne brut premium-Assemblage de cuvées et de tailles issues de la vendange 2023 comprenant 50% de pinot meunier, 30% de pinot noir, 20% de Chardonnay",
    "prix": 15.9,
    "unite": 1,
    "image_filename": null
  },
  {
    "id": 762,
    "catalog_file_id": 77,
    "produit": "Champagne BLANC DE BLANCS_Rigot Caillez_Unite_",
    "description": "Champagne BLANC DE BLANCS-Vin élaboré à partir de cuvées pures de l'unique cépage CHARDONNAY issues de la vendange 2022",
    "prix": 18.7,
    "unite": 1,
    "image_filename": null
  },
  {
    "id": 763,
    "catalog_file_id": 77,
    "produit": "DEMI-BOUTEILLE Champagne GRANDE RÉSERVE _Rigot Caillez_Unite_",
    "description": "DEMI-BOUTEILLE Champagne GRANDE RÉSERVE - Assemblage de cuvées pures issues de la vendange 2023 comprenant 40% de pinot meunier, 30% de pinot noir, 30% de Chardonnay",
    "prix": 9.1,
    "unite": 1,
    "image_filename": null
  },
  {
    "id": 764,
    "catalog_file_id": 77,
    "produit": "Champagnee DEMI-SEC Premium_Rigot Caillez_Unite_",
    "description": "Champagnee DEMI-SEC Premium-Assemblage de cuvées et de tailles issues de la vendange 2023 comprenant 50% de pinot meunier, 30% de pinot noir, 20% de Chardonnay",
    "prix": 15.9,
    "unite": 1,
    "image_filename": null
  },
  {
    "id": 765,
    "catalog_file_id": 77,
    "produit": "CHAMPAGNE MILLESIME 2016 VINTAGE_Rigot Caillez_Unite_",
    "description": "CHAMPAGNE MILLESIME 2016 VINTAGE- Vin élaboré à partir de cuvées pures, savoureux assemblages des 3 cépages champenois issus de la vendange 2016",
    "prix": 19.9,
    "unite": 1,
    "image_filename": null
  },
  {
    "id": 766,
    "catalog_file_id": 77,
    "produit": "Champagne GRANDE RÉSERVE_Rigot Caillez_Unite_",
    "description": "Champagne GRANDE RÉSERVE-Assemblage de cuvées pures issues de la vendange 2023 comprenant 40% de pinot meunier, 30% de pinot noir, 30% de Chardonnay",
    "prix": 16.7,
    "unite": 1,
    "image_filename": null
  },
  {
    "id": 767,
    "catalog_file_id": 77,
    "produit": "Champagne GRANDE RÉSERVE ROSE_Rigot Caillez_Unite_",
    "description": "Champagne GRANDE RÉSERVE ROSE- \r\nVin élaboré uniquement par assemblage de cuvées pures et de vin rouge de champagne provenant de notre vignoble lors de la vendange 2022",
    "prix": 17.7,
    "unite": 1,
    "image_filename": null
  },
  {
    "id": 776,
    "catalog_file_id": 75,
    "produit": "colis de porc  bio 10 KG",
    "description": "1KG  de chipolatas, poitrine tranchée, saucisses de Toulouse, chair à saucisse, coustou\r\n2X1KG de cotes de porc, 2X1KG sauté de porc,600 G de jarret, 2X200G lardons",
    "prix": 140,
    "unite": 1,
    "image_filename": null
  },
  {
    "id": 777,
    "catalog_file_id": 75,
    "produit": "colis de porc bio prenium 5 KG",
    "description": "2X300 g d'araignée, 1kg200  côte de porc, 1kg200 filet mignon, 1 kg joue de porc, 1 kg rouelle",
    "prix": 95,
    "unite": 1,
    "image_filename": null
  },
  {
    "id": 778,
    "catalog_file_id": 75,
    "produit": "colis de porc frais",
    "description": "1 kg de chipolatas, côtes , poitrine tranchée, saucisses de Toulouse, sauté.",
    "prix": 70,
    "unite": 1,
    "image_filename": null
  },
  {
    "id": 779,
    "catalog_file_id": 73,
    "produit": "jambon kintoa AOP",
    "description": "morceau sous vide sans couenne (MINIMUN 350 g). 75 € le kg  24 mois d'affinage",
    "prix": 27,
    "unite": 1,
    "image_filename": null
  },
  {
    "id": 780,
    "catalog_file_id": 73,
    "produit": "jambon entier kintoa AOP",
    "description": "entier à l'os environ 8,500 kg . 32 € le kg. 24 mois d'affinage",
    "prix": 270,
    "unite": 1,
    "image_filename": null
  },
  {
    "id": 781,
    "catalog_file_id": 73,
    "produit": "txintxu porc kintoa",
    "description": "rillettes bocal de 190 g",
    "prix": 4.5,
    "unite": 1,
    "image_filename": null
  },
  {
    "id": 782,
    "catalog_file_id": 72,
    "produit": "axoa de veau au piment d'Espelette",
    "description": "bocal de 750 g",
    "prix": 15,
    "unite": 1,
    "image_filename": null
  },
  {
    "id": 783,
    "catalog_file_id": 72,
    "produit": "daube de boeuf",
    "description": "bocal de 750 g",
    "prix": 15,
    "unite": 1,
    "image_filename": null
  },
  {
    "id": 784,
    "catalog_file_id": 72,
    "produit": "blanquette de veau",
    "description": "bocal de 750 g",
    "prix": 15,
    "unite": 1,
    "image_filename": null
  },
  {
    "id": 799,
    "catalog_file_id": 81,
    "produit": "Pain de Campagne Miche 2000 g",
    "description": "Gros pain de 2 kg, très longue cuisson.  ingrédients : Farine de Blé T80, levain de Seigle T170, eau, sel",
    "prix": 4.43,
    "unite": 1,
    "image_filename": null
  },
  {
    "id": 800,
    "catalog_file_id": 81,
    "produit": "Pain de Campagne Moule Fermé 1500 g",
    "description": "Pain de Campagne cuit en moule fermé.\r\nIl a une forme parfaitement rectangulaire, et très peu de croûte ingrédients : Farine de Blé T80, levain de Seigle T170, eau, sel",
    "prix": 4.43,
    "unite": 1,
    "image_filename": null
  },
  {
    "id": 803,
    "catalog_file_id": 81,
    "produit": "Petit Epeautre Grand  moule 1300 g",
    "description": "Pain à la farine de Petit épeautre complet (engrain), et au levain de petit épeautre complet.\r\nTerroir AOP des Alpes de Haute Provence\r\nTrès riche en protéine et pauvre en gluten. ingrédients : Farine de Petit Epeautre complet\r\nlevain de Petit Epeautre, \r\neau, sel",
    "prix": 8.02,
    "unite": 1,
    "image_filename": null
  },
  {
    "id": 805,
    "catalog_file_id": 81,
    "produit": "Pain aux graines Banneton 1000g",
    "description": "Pain façonné en banneton osier et cuit à même sur la sole du four. Une croûte profonde et mie ouverte. ingrédients : Farine de Blé T80, levain de Seigle T170, lin brun, lin doré, tournesol, sésame, pavot, eau, sel",
    "prix": 5.05,
    "unite": 1,
    "image_filename": null
  },
  {
    "id": 806,
    "catalog_file_id": 81,
    "produit": "Pain aux graines Grand Moulé 1300g",
    "description": "Pain aux graines oléagineuses sur base de pain de campagne.  ingrédients : Farine de Blé T80, levain de Seigle T170, lin brun, lin doré, tournesol, sésame, pavot, eau, sel",
    "prix": 5.05,
    "unite": 1,
    "image_filename": null
  },
  {
    "id": 807,
    "catalog_file_id": 81,
    "produit": "Pain Généreux Grand Moulé 1300g",
    "description": "Pain aux fruits sec et fruits à coque, enveloppé dans des flocons d'avoine. ingrédients : Farine de Blé T80, levain de Seigle T170, Noisettes, Abricots, raisins de corinthe, flocons d'avoines, graines de courge, eau, sel",
    "prix": 6.7,
    "unite": 1,
    "image_filename": null
  },
  {
    "id": 808,
    "catalog_file_id": 81,
    "produit": "Pain aux Noix Grand Moulé 1300 g",
    "description": "Un pain aux noix concassées et réhydratées, sur la base du pain de Campagne.  ingrédients : Farine de Blé T80, levain de Seigle T170, Noix, eau, sel",
    "prix": 8.23,
    "unite": 1,
    "image_filename": null
  },
  {
    "id": 809,
    "catalog_file_id": 81,
    "produit": "Pain Complet Banneton 1000 g",
    "description": "Pain complet riche en fibres et minéraux, sans acide phytique grâce à la longue fermentation au levain. ingrédients : Pain complet riche en fibres et minéraux, sans acide phytique grâce à la longue fermentation au levain.",
    "prix": 4.59,
    "unite": 1,
    "image_filename": null
  },
  {
    "id": 810,
    "catalog_file_id": 81,
    "produit": "Pain Intégral Grand Moulé 1300 g",
    "description": "Pain au levain de seigle, réalisé avec l'intégralité du grain de blé.  Très riche en fibres et minéraux ingrédients : Farine de Blé T80, Rémoulage, son gros, son fin,  levain de Seigle T170, eau, sel",
    "prix": 4.59,
    "unite": 1,
    "image_filename": null
  },
  {
    "id": 811,
    "catalog_file_id": 81,
    "produit": "Pain au Maïs en petit moules 500 g",
    "description": "Farine de Maïs Ancien Grand Roux Basque\r\nBlé et Graines de tournesol ingrédients : Farine de Maïs\r\nFarine de Blé T65\r\nLevain de Blé, eau, sel\r\nGraines de tournesol\r\nCurcuma",
    "prix": 3.69,
    "unite": 1,
    "image_filename": null
  },
  {
    "id": 812,
    "catalog_file_id": 81,
    "produit": "Pain aux graines Miche 2000 g",
    "description": "Gros pain de 2 kg, très longue cuisson.  ingrédients : Farine de Blé T80, levain de Seigle T170, lin brun, lin doré, tournesol, sésame, pavot, eau, sel",
    "prix": 5.05,
    "unite": 1,
    "image_filename": null
  },
  {
    "id": 814,
    "catalog_file_id": 81,
    "produit": "Petit Epeautre petit moule 500 g",
    "description": "Pain à la farine de Petit épeautre complet (engrain), et au levain de petit épeautre complet.\r\nTerroir AOP des Alpes de Haute Provence\r\nTrès riche en protéine et pauvre en gluten. ingrédients : Farine de Petit Epeautre complet\r\nlevain de Petit Epeautre, \r\neau, sel",
    "prix": 3.8,
    "unite": 1,
    "image_filename": null
  },
  {
    "id": 818,
    "catalog_file_id": 81,
    "produit": "Pain complet Grand Moulé 1300g",
    "description": "Pain complet riche en fibres et minéraux, sans acide phytique grâce à la longue fermentation au levain. ingrédients : Farine de Blé T80, Rémoulage, son fin,  levain de Seigle T170, eau, sel",
    "prix": 4.59,
    "unite": 1,
    "image_filename": null
  },
  {
    "id": 819,
    "catalog_file_id": 81,
    "produit": "Pain aux 6 grains",
    "description": "Pain d'origine allemande, très riche en seigle (50%) et blé semi complet (50%), levain de seigle\r\nRiches en graines de tournesol, flocons d'avoine, graines de courge et lins\r\nTrès grande conservation ingrédients : Farine de Seigle Complet\r\nBlé semi complet\r\nLevain de seigle\r\nSel et eau\r\nTournesol, flocon d'avoine, lin brun, lin doré, graines de courge",
    "prix": 2.95,
    "unite": 1,
    "image_filename": null
  },
  {
    "id": 820,
    "catalog_file_id": 81,
    "produit": "Pain de Riz et Sogho petit moule 500 g",
    "description": "Farines de Riz et de Sorgho, naturellement sans gluten, Huile d'olive. ingrédients : Farine de Riz\r\nFarine de Sorgho\r\nEau, sel, huile d'olive, levain et levure",
    "prix": 4.59,
    "unite": 1,
    "image_filename": null
  },
  {
    "id": 821,
    "catalog_file_id": 81,
    "produit": "Pain de Riz et Sogho aux graines en petit moule 500 g",
    "description": "Base du pain de riz et Sorgho, \r\nMélange de graines oléagineuses\r\n ingrédients : Farine de Riz\r\nfarine de sorgho\r\neau, sel, levain, huile d'olive\r\n\r\nLin brun, lin doré, pavot, sésame, tournesol.",
    "prix": 4.91,
    "unite": 1,
    "image_filename": null
  },
  {
    "id": 822,
    "catalog_file_id": 81,
    "produit": "Brioche 900 g",
    "description": "Brioche au beurre Isigny Sainte Mère AOP et aux oeufs. Pas de lait ni d'eau. ingrédients : Farine de Blé T65, \r\nLevain de lait\r\nOeufs entiers, beurre Isigny St Mère, \r\nsucre de canne, sel, levure ",
    "prix": 12.55,
    "unite": 1,
    "image_filename": null
  },
  {
    "id": 823,
    "catalog_file_id": 81,
    "produit": "Brioche 450 g",
    "description": "Brioche au beurre Isigny Sainte Mère AOP et aux oeufs. Pas de lait ni d'eau. ingrédients : Farine de Blé T65, Levain de laitOeufs entiers, beurre Isigny St Mère, sucre de canne, sel, levure ",
    "prix": 6.18,
    "unite": 1,
    "image_filename": null
  },
  {
    "id": 824,
    "catalog_file_id": 81,
    "produit": "Roulé Cannelle 100 g",
    "description": "Sur une base de pain au lait, incorporation d'un beurre cannelle, puis tressage. ingrédients : Farine de Blé T65, lait, oeuf, beurre, sucre, sel, cannelle, levure",
    "prix": 1.69,
    "unite": 1,
    "image_filename": null
  },
  {
    "id": 825,
    "catalog_file_id": 81,
    "produit": "Brioche Provençale \"Pompe à l'huile\"",
    "description": "Brioche sans beurre ni œuf, dessert traditionnel du diner des apôtres,\r\nNaturellement Vegan ingrédients : Farine de Blé T65\r\nLevain de Blé\r\nEau, sel, levure\r\nHuile d'Olive",
    "prix": 1.58,
    "unite": 1,
    "image_filename": null
  },
  {
    "id": 827,
    "catalog_file_id": 81,
    "produit": "Bun's Brioché",
    "description": "Pain à Hamburger brioché aux œufs, beurre ingrédients : Farine T65, oeufs, beurre, lait, eau,  œuf, pâte fermentée, levure, sel",
    "prix": 1.06,
    "unite": 1,
    "image_filename": null
  },
  {
    "id": 828,
    "catalog_file_id": 81,
    "produit": "Shokupan 500 g",
    "description": "Pain de Mie de tradition Japonaise réalisée sur 3 pâtes et au levain de Panettone. \r\nConservation exceptionnelle de 10 jours sous film.\r\n10cm x 10cm x 19 cm ingrédients : Farine de Blé T55,\r\nLevain de Panettone\r\nLait, eau, sucre de canne, beurre isigny sainte mère,\r\nsel",
    "prix": 4.85,
    "unite": 1,
    "image_filename": null
  },
  {
    "id": 829,
    "catalog_file_id": 81,
    "produit": "Shokupan 1400 g",
    "description": "Pain de Mie de tradition Japonaise réalisée sur 3 pâtes et au levain de Panettone. \r\nConservation exceptionnelle de 10 jours sous film.\r\n11cm x 11cm x 36 cm ingrédients : Farine de Blé T55,\r\nLevain de Panettone\r\nLait, eau, sucre de canne, beurre isigny sainte mère,\r\nsel",
    "prix": 11.92,
    "unite": 1,
    "image_filename": null
  },
  {
    "id": 830,
    "catalog_file_id": 81,
    "produit": "BUN'S NATURE",
    "description": "Petits bun's de 100 g, à huile d'olive ingrédients : Farine T65\r\neau, sel, levain de blé, levure\r\nHuile d'olive, son fin",
    "prix": 0.84,
    "unite": 1,
    "image_filename": null
  },
  {
    "id": 831,
    "catalog_file_id": 81,
    "produit": "Crackers",
    "description": "Crackers au levain de seigle et graines oléagineuses, huile d'olive, origan ingrédients : Farine de Blé T80\r\nFarine de Seigle T170\r\neau, sel, Lin Brun, Lin doré, Pavot, Sésame , Tournesol, Huile d'Olive, Origan",
    "prix": 15.09,
    "unite": 1,
    "image_filename": null
  },
  {
    "id": 832,
    "catalog_file_id": 81,
    "produit": "Cookies Noix-Noisettes-Chocolat",
    "description": "Cookies de 70 g\r\nGénéreusement garni de Noix, Noisettes et Chocolat ingrédients : Farine de Blé T65,\r\nOeufs entier, Beurre Isisgny Ste Mère, Sucre de Canne, \r\nNoix, Noisettes, Chocolat noir 66%\r\nsel, poudre levante",
    "prix": 1,
    "unite": 1,
    "image_filename": null
  },
  {
    "id": 833,
    "catalog_file_id": 81,
    "produit": "Canistrellis",
    "description": "Biscuits de tradition Corse, à l'anis, huile d'olive et vin blanc ingrédients : Farine de Blé T65,\r\nhuile d'olive, vin blanc, sucre, sel, graines d'anis, poudre levante",
    "prix": 15.56,
    "unite": 1,
    "image_filename": null
  },
  {
    "id": 834,
    "catalog_file_id": 81,
    "produit": "Brownie",
    "description": "Brownie aux Noix et chocolat noir 66% ingrédients : Farine de Blé T65\r\n Beurre Isigny St Mère, Œuf entier, sucre, noix, sel, poudre levante",
    "prix": 2.69,
    "unite": 1,
    "image_filename": null
  },
  {
    "id": 835,
    "catalog_file_id": 81,
    "produit": "Cake au citron",
    "description": "Pour les amoureux du citron !\r\nZest de citron, jus de citron, citron confit, sirop de citron. ingrédients : Farine de Blé T65,\r\nCitron jaune\r\nSucre de canne, Œuf entier, beurre Isigny Ste Mère, amidon de Maïs, sel ",
    "prix": 7.91,
    "unite": 1,
    "image_filename": null
  },
  {
    "id": 836,
    "catalog_file_id": 81,
    "produit": "Pain de Campagne Grand Moulé 1300g",
    "description": "Pain de Campagne cuit en moule rectangulaire. ingrédients : Farine de Blé T80, levain de Seigle T170, eau, sel",
    "prix": 4.43,
    "unite": 1,
    "image_filename": null
  },
  {
    "id": 837,
    "catalog_file_id": 81,
    "produit": "Pain de Campagne Grand Moulé 1500g",
    "description": "Pain de Campagne cuit en moule rectangulaire. ingrédients : Farine de Blé T80, levain de Seigle T170, eau, sel",
    "prix": 4.43,
    "unite": 1,
    "image_filename": null
  },
  {
    "id": 838,
    "catalog_file_id": 81,
    "produit": "Pain de Campagne Banneton 1000 g",
    "description": "Pain façonné en banneton osier et cuit à même sur la sole du four. Une croûte profonde et mie ouverte. ingrédients : Farine de Blé T80, levain de Seigle T170, eau, sel",
    "prix": 4.43,
    "unite": 1,
    "image_filename": null
  },
  {
    "id": 839,
    "catalog_file_id": 81,
    "produit": "Sechskornbröt Petit moulé 500 g",
    "description": "Farine de Seigle Complet Blé semi complet Levain de seigle Sel et eau Tournesol, flocon d'avoine, lin brun, lin doré, graines de courge",
    "prix": 2.95,
    "unite": 1,
    "image_filename": null
  },
  {
    "id": 840,
    "catalog_file_id": 81,
    "produit": "tourte de seigle",
    "description": "tourte de seigle, 1kg",
    "prix": 4.19,
    "unite": 1,
    "image_filename": null
  },
  {
    "id": 841,
    "catalog_file_id": 82,
    "produit": "Pain de Campagne Miche 2000 g",
    "description": "Gros pain de 2 kg, très longue cuisson.  ingrédients : Farine de Blé T80, levain de Seigle T170, eau, sel",
    "prix": 4.43,
    "unite": 1,
    "image_filename": null
  },
  {
    "id": 842,
    "catalog_file_id": 82,
    "produit": "Pain de Campagne Moule Fermé 1500 g",
    "description": "Pain de Campagne cuit en moule fermé.\r\nIl a une forme parfaitement rectangulaire, et très peu de croûte ingrédients : Farine de Blé T80, levain de Seigle T170, eau, sel",
    "prix": 4.43,
    "unite": 1,
    "image_filename": null
  },
  {
    "id": 844,
    "catalog_file_id": 82,
    "produit": "Petit Epeautre petit moule 500 g",
    "description": "Pain à la farine de Petit épeautre complet (engrain), et au levain de petit épeautre complet.\r\nTerroir AOP des Alpes de Haute Provence\r\nTrès riche en protéine et pauvre en gluten. ingrédients : Farine de Petit Epeautre complet\r\nlevain de Petit Epeautre, \r\neau, sel",
    "prix": 3.8,
    "unite": 1,
    "image_filename": null
  },
  {
    "id": 845,
    "catalog_file_id": 82,
    "produit": "Petit Epeautre Grand  moule 1300 g",
    "description": "Pain à la farine de Petit épeautre complet (engrain), et au levain de petit épeautre complet.\r\nTerroir AOP des Alpes de Haute Provence\r\nTrès riche en protéine et pauvre en gluten. ingrédients : Farine de Petit Epeautre complet\r\nlevain de Petit Epeautre, \r\neau, sel",
    "prix": 8.02,
    "unite": 1,
    "image_filename": null
  },
  {
    "id": 846,
    "catalog_file_id": 82,
    "produit": "Pain aux graines Banneton 1000g",
    "description": "Pain façonné en banneton osier et cuit à même sur la sole du four. Une croûte profonde et mie ouverte. ingrédients : Farine de Blé T80, levain de Seigle T170, lin brun, lin doré, tournesol, sésame, pavot, eau, sel",
    "prix": 5.05,
    "unite": 1,
    "image_filename": null
  },
  {
    "id": 847,
    "catalog_file_id": 82,
    "produit": "Pain aux graines Grand Moulé 1300g",
    "description": "Pain aux graines oléagineuses sur base de pain de campagne.  ingrédients : Farine de Blé T80, levain de Seigle T170, lin brun, lin doré, tournesol, sésame, pavot, eau, sel",
    "prix": 5.05,
    "unite": 1,
    "image_filename": null
  },
  {
    "id": 848,
    "catalog_file_id": 82,
    "produit": "Pain Généreux Grand Moulé 1300g",
    "description": "Pain aux fruits sec et fruits à coque, enveloppé dans des flocons d'avoine. ingrédients : Farine de Blé T80, levain de Seigle T170, Noisettes, Abricots, raisins de corinthe, flocons d'avoines, graines de courge, eau, sel",
    "prix": 6.7,
    "unite": 1,
    "image_filename": null
  },
  {
    "id": 849,
    "catalog_file_id": 82,
    "produit": "Pain aux graines Miche 2000 g",
    "description": "Gros pain de 2 kg, très longue cuisson.  ingrédients : Farine de Blé T80, levain de Seigle T170, lin brun, lin doré, tournesol, sésame, pavot, eau, sel",
    "prix": 5.05,
    "unite": 1,
    "image_filename": null
  },
  {
    "id": 850,
    "catalog_file_id": 82,
    "produit": "Pain de Méteil en Boule 1000 g",
    "description": "Pain rustique mi blé mi seigle au levain de seigle ingrédients : Farine de Blé T80\r\nFarine de Seigle T70\r\neau, sel, levain de seigle",
    "prix": 4.91,
    "unite": 1,
    "image_filename": null
  },
  {
    "id": 851,
    "catalog_file_id": 82,
    "produit": "Pain au Maïs en petit moules 500 g",
    "description": "Farine de Maïs Ancien Grand Roux Basque\r\nBlé et Graines de tournesol ingrédients : Farine de Maïs\r\nFarine de Blé T65\r\nLevain de Blé, eau, sel\r\nGraines de tournesol\r\nCurcuma",
    "prix": 3.69,
    "unite": 1,
    "image_filename": null
  },
  {
    "id": 852,
    "catalog_file_id": 82,
    "produit": "Pain de Khorasan en boule de 800 g",
    "description": "Farine de Blé dur ancien de variété Khorasan.  ingrédients : Farine de Khorasan \r\nLevain de Khorasan\r\neau, sel",
    "prix": 6.27,
    "unite": 1,
    "image_filename": null
  },
  {
    "id": 853,
    "catalog_file_id": 82,
    "produit": "1/2 Focaccia en plaque de 1600 g",
    "description": "Pâte levée italienne, largement bassinée à l'huile d'Olive, vendue en 1/2 plaque de 1600 g de 30cm x 40 cm ingrédients : Farine de Blé T65\r\nlevain dur de blé T55\r\neau, sel, huile d'olive, origan",
    "prix": 9.28,
    "unite": 1,
    "image_filename": null
  },
  {
    "id": 854,
    "catalog_file_id": 82,
    "produit": "1/2 Focaccia Olives & Tomates",
    "description": "Base de pâte à Focaccia + Olives de kalamata, Tomates séchées, huile d'olive et origan ingrédients : Farine de Blé T65\r\nEau, sel, levain dur de blé T55, \r\nOlives de kalamata, Tomates",
    "prix": 18.4,
    "unite": 1,
    "image_filename": null
  },
  {
    "id": 855,
    "catalog_file_id": 82,
    "produit": "Focaccia en plaque de 3200 g",
    "description": "Pâte levée italienne, largement bassinée à l'huile d'Olive, vendue en plaque de 3200 g de 60cm x 40 cm ingrédients : Farine de Blé T65\r\nlevain dur de blé T55\r\neau, sel, huile d'olive, origan",
    "prix": 18.57,
    "unite": 1,
    "image_filename": null
  },
  {
    "id": 856,
    "catalog_file_id": 82,
    "produit": "Focaccia Olives & Tomates",
    "description": "Base de pâte à Focaccia + Olives de kalamata, Tomates séchées, huile d'olive et origan ingrédients : Farine de Blé T65\r\nEau, sel, levain dur de blé T55, \r\nOlives de kalamata, Tomates",
    "prix": 36.8,
    "unite": 1,
    "image_filename": null
  },
  {
    "id": 857,
    "catalog_file_id": 82,
    "produit": "Pain aux Noix Grand Moulé 1300 g",
    "description": "Un pain aux noix concassées et réhydratées, sur la base du pain de Campagne.  ingrédients : Farine de Blé T80, levain de Seigle T170, Noix, eau, sel",
    "prix": 8.23,
    "unite": 1,
    "image_filename": null
  },
  {
    "id": 858,
    "catalog_file_id": 82,
    "produit": "Pain Complet Banneton 1000 g",
    "description": "Pain complet riche en fibres et minéraux, sans acide phytique grâce à la longue fermentation au levain. ingrédients : Pain complet riche en fibres et minéraux, sans acide phytique grâce à la longue fermentation au levain.",
    "prix": 4.59,
    "unite": 1,
    "image_filename": null
  },
  {
    "id": 859,
    "catalog_file_id": 82,
    "produit": "Pain complet Grand Moulé 1300g",
    "description": "Pain complet riche en fibres et minéraux, sans acide phytique grâce à la longue fermentation au levain. ingrédients : Farine de Blé T80, Rémoulage, son fin,  levain de Seigle T170, eau, sel",
    "prix": 4.59,
    "unite": 1,
    "image_filename": null
  },
  {
    "id": 860,
    "catalog_file_id": 82,
    "produit": "Pain Intégral Grand Moulé 1300 g",
    "description": "Pain au levain de seigle, réalisé avec l'intégralité du grain de blé.  Très riche en fibres et minéraux ingrédients : Farine de Blé T80, Rémoulage, son gros, son fin,  levain de Seigle T170, eau, sel",
    "prix": 4.59,
    "unite": 1,
    "image_filename": null
  },
  {
    "id": 862,
    "catalog_file_id": 82,
    "produit": "Pain de Riz et Sorgho petit moule 500 g",
    "description": "Farines de Riz et de Sorgho, naturellement sans gluten, Huile d'olive. ingrédients : Farine de Riz\r\nFarine de Sorgho\r\nEau, sel, huile d'olive, levain et levure",
    "prix": 4.59,
    "unite": 1,
    "image_filename": null
  },
  {
    "id": 863,
    "catalog_file_id": 82,
    "produit": "Pain de Riz et Sorgho aux graines en petit moule 500 g",
    "description": "Base du pain de riz et Sorgho, \r\nMélange de graines oléagineuses\r\n ingrédients : Farine de Riz\r\nfarine de sorgho\r\neau, sel, levain, huile d'olive\r\n\r\nLin brun, lin doré, pavot, sésame, tournesol.",
    "prix": 4.91,
    "unite": 1,
    "image_filename": null
  },
  {
    "id": 864,
    "catalog_file_id": 82,
    "produit": "Brioche 450 g",
    "description": "Brioche au beurre Isigny Sainte Mère AOP et aux oeufs. Pas de lait ni d'eau. ingrédients : Farine de Blé T65, Levain de laitOeufs entiers, beurre Isigny St Mère, sucre de canne, sel, levure ",
    "prix": 6.18,
    "unite": 1,
    "image_filename": null
  },
  {
    "id": 865,
    "catalog_file_id": 82,
    "produit": "Brioche 900 g",
    "description": "Brioche au beurre Isigny Sainte Mère AOP et aux oeufs. Pas de lait ni d'eau. ingrédients : Farine de Blé T65, \r\nLevain de lait\r\nOeufs entiers, beurre Isigny St Mère, \r\nsucre de canne, sel, levure ",
    "prix": 12.55,
    "unite": 1,
    "image_filename": null
  },
  {
    "id": 866,
    "catalog_file_id": 82,
    "produit": "Roulé Cannelle 100 g",
    "description": "Sur une base de pain au lait, incorporation d'un beurre cannelle, puis tressage. ingrédients : Farine de Blé T65, lait, oeuf, beurre, sucre, sel, cannelle, levure",
    "prix": 1.69,
    "unite": 1,
    "image_filename": null
  },
  {
    "id": 867,
    "catalog_file_id": 82,
    "produit": "Brioche Provençale \"Pompe à l'huile\"",
    "description": "Brioche sans beurre ni œuf, dessert traditionnel du diner des apôtres,\r\nNaturellement Vegan ingrédients : Farine de Blé T65\r\nLevain de Blé\r\nEau, sel, levure\r\nHuile d'Olive",
    "prix": 1.58,
    "unite": 1,
    "image_filename": null
  },
  {
    "id": 869,
    "catalog_file_id": 82,
    "produit": "Bun's Brioché",
    "description": "Pain à Hamburger brioché aux œufs, beurre ingrédients : Farine T65, oeufs, beurre, lait, eau,  œuf, pâte fermentée, levure, sel",
    "prix": 1.06,
    "unite": 1,
    "image_filename": null
  },
  {
    "id": 873,
    "catalog_file_id": 82,
    "produit": "Cookies Noix-Noisettes-Chocolat",
    "description": "Cookies de 70 g\r\nGénéreusement garni de Noix, Noisettes et Chocolat ingrédients : Farine de Blé T65,\r\nOeufs entier, Beurre Isisgny Ste Mère, Sucre de Canne, \r\nNoix, Noisettes, Chocolat noir 66%\r\nsel, poudre levante",
    "prix": 1,
    "unite": 1,
    "image_filename": null
  },
  {
    "id": 874,
    "catalog_file_id": 82,
    "produit": "Canistrellis",
    "description": "Biscuits de tradition Corse, à l'anis, huile d'olive et vin blanc ingrédients : Farine de Blé T65,\r\nhuile d'olive, vin blanc, sucre, sel, graines d'anis, poudre levante",
    "prix": 15.56,
    "unite": 1,
    "image_filename": null
  },
  {
    "id": 875,
    "catalog_file_id": 82,
    "produit": "Brownie",
    "description": "Brownie aux Noix et chocolat noir 66% ingrédients : Farine de Blé T65\r\n Beurre Isigny St Mère, Œuf entier, sucre, noix, sel, poudre levante",
    "prix": 2.69,
    "unite": 1,
    "image_filename": null
  },
  {
    "id": 876,
    "catalog_file_id": 82,
    "produit": "Cake au citron",
    "description": "Pour les amoureux du citron !\r\nZest de citron, jus de citron, citron confit, sirop de citron. ingrédients : Farine de Blé T65,\r\nCitron jaune\r\nSucre de canne, Œuf entier, beurre Isigny Ste Mère, amidon de Maïs, sel ",
    "prix": 7.91,
    "unite": 1,
    "image_filename": null
  },
  {
    "id": 877,
    "catalog_file_id": 82,
    "produit": "Pain de Campagne Grand Moulé 1300g",
    "description": "Pain de Campagne cuit en moule rectangulaire. ingrédients : Farine de Blé T80, levain de Seigle T170, eau, sel",
    "prix": 4.43,
    "unite": 1,
    "image_filename": null
  },
  {
    "id": 878,
    "catalog_file_id": 82,
    "produit": "Pain de Campagne Banneton 1000 g",
    "description": "Pain façonné en banneton osier et cuit à même sur la sole du four. Une croûte profonde et mie ouverte. ingrédients : Farine de Blé T80, levain de Seigle T170, eau, sel",
    "prix": 4.43,
    "unite": 1,
    "image_filename": null
  },
  {
    "id": 879,
    "catalog_file_id": 82,
    "produit": "Pain de Campagne Grand Moulé 1500g",
    "description": "Pain de Campagne cuit en moule rectangulaire. ingrédients : Farine de Blé T80, levain de Seigle T170, eau, sel",
    "prix": 4.43,
    "unite": 1,
    "image_filename": null
  },
  {
    "id": 880,
    "catalog_file_id": 82,
    "produit": "Sechskornbröt Petit moulé 500 g",
    "description": "Farine de Seigle Complet Blé semi complet Levain de seigle Sel et eau Tournesol, flocon d'avoine, lin brun, lin doré, graines de courge",
    "prix": 2.95,
    "unite": 1,
    "image_filename": null
  },
  {
    "id": 883,
    "catalog_file_id": 83,
    "produit": "Pain de Campagne Miche 2000 g",
    "description": "Gros pain de 2 kg, très longue cuisson.  ingrédients : Farine de Blé T80, levain de Seigle T170, eau, sel",
    "prix": 4.43,
    "unite": 1,
    "image_filename": null
  },
  {
    "id": 884,
    "catalog_file_id": 83,
    "produit": "Pain de Campagne Moule Fermé 1500 g",
    "description": "Pain de Campagne cuit en moule fermé.\r\nIl a une forme parfaitement rectangulaire, et très peu de croûte ingrédients : Farine de Blé T80, levain de Seigle T170, eau, sel",
    "prix": 4.43,
    "unite": 1,
    "image_filename": null
  },
  {
    "id": 885,
    "catalog_file_id": 83,
    "produit": "Pain aux graines Miche 2000 g",
    "description": "Gros pain de 2 kg, très longue cuisson.  ingrédients : Farine de Blé T80, levain de Seigle T170, lin brun, lin doré, tournesol, sésame, pavot, eau, sel",
    "prix": 5.05,
    "unite": 1,
    "image_filename": null
  },
  {
    "id": 886,
    "catalog_file_id": 83,
    "produit": "Petit Epeautre petit moule 500 g",
    "description": "Pain à la farine de Petit épeautre complet (engrain), et au levain de petit épeautre complet.\r\nTerroir AOP des Alpes de Haute Provence\r\nTrès riche en protéine et pauvre en gluten. ingrédients : Farine de Petit Epeautre complet\r\nlevain de Petit Epeautre, \r\neau, sel",
    "prix": 3.8,
    "unite": 1,
    "image_filename": null
  },
  {
    "id": 888,
    "catalog_file_id": 83,
    "produit": "Pain complet Grand Moulé 1300g",
    "description": "Pain complet riche en fibres et minéraux, sans acide phytique grâce à la longue fermentation au levain. ingrédients : Farine de Blé T80, Rémoulage, son fin,  levain de Seigle T170, eau, sel",
    "prix": 4.59,
    "unite": 1,
    "image_filename": null
  },
  {
    "id": 890,
    "catalog_file_id": 83,
    "produit": "Pain de Riz et Sorgho petit moule 500 g",
    "description": "Farines de Riz et de Sorgho, naturellement sans gluten, Huile d'olive. ingrédients : Farine de Riz\r\nFarine de Sorgho\r\nEau, sel, huile d'olive, levain et levure",
    "prix": 4.59,
    "unite": 1,
    "image_filename": null
  },
  {
    "id": 891,
    "catalog_file_id": 83,
    "produit": "Petit Epeautre Grand  moule 1300 g",
    "description": "Pain à la farine de Petit épeautre complet (engrain), et au levain de petit épeautre complet.\r\nTerroir AOP des Alpes de Haute Provence\r\nTrès riche en protéine et pauvre en gluten. ingrédients : Farine de Petit Epeautre complet\r\nlevain de Petit Epeautre, \r\neau, sel",
    "prix": 8.02,
    "unite": 1,
    "image_filename": null
  },
  {
    "id": 892,
    "catalog_file_id": 83,
    "produit": "Pain aux graines Banneton 1000g",
    "description": "Pain façonné en banneton osier et cuit à même sur la sole du four. Une croûte profonde et mie ouverte. ingrédients : Farine de Blé T80, levain de Seigle T170, lin brun, lin doré, tournesol, sésame, pavot, eau, sel",
    "prix": 5.05,
    "unite": 1,
    "image_filename": null
  },
  {
    "id": 893,
    "catalog_file_id": 83,
    "produit": "Pain aux graines Grand Moulé 1300g",
    "description": "Pain aux graines oléagineuses sur base de pain de campagne.  ingrédients : Farine de Blé T80, levain de Seigle T170, lin brun, lin doré, tournesol, sésame, pavot, eau, sel",
    "prix": 5.05,
    "unite": 1,
    "image_filename": null
  },
  {
    "id": 894,
    "catalog_file_id": 83,
    "produit": "Pain Généreux Grand Moulé 1300g",
    "description": "Pain aux fruits sec et fruits à coque, enveloppé dans des flocons d'avoine. ingrédients : Farine de Blé T80, levain de Seigle T170, Noisettes, Abricots, raisins de corinthe, flocons d'avoines, graines de courge, eau, sel",
    "prix": 6.7,
    "unite": 1,
    "image_filename": null
  },
  {
    "id": 895,
    "catalog_file_id": 83,
    "produit": "Pain aux Noix Grand Moulé 1300 g",
    "description": "Un pain aux noix concassées et réhydratées, sur la base du pain de Campagne.  ingrédients : Farine de Blé T80, levain de Seigle T170, Noix, eau, sel",
    "prix": 8.23,
    "unite": 1,
    "image_filename": null
  },
  {
    "id": 896,
    "catalog_file_id": 83,
    "produit": "Pain Complet Banneton 1000 g",
    "description": "Pain complet riche en fibres et minéraux, sans acide phytique grâce à la longue fermentation au levain. ingrédients : Pain complet riche en fibres et minéraux, sans acide phytique grâce à la longue fermentation au levain.",
    "prix": 4.59,
    "unite": 1,
    "image_filename": null
  },
  {
    "id": 897,
    "catalog_file_id": 83,
    "produit": "Pain Intégral Grand Moulé 1300 g",
    "description": "Pain au levain de seigle, réalisé avec l'intégralité du grain de blé.  Très riche en fibres et minéraux ingrédients : Farine de Blé T80, Rémoulage, son gros, son fin,  levain de Seigle T170, eau, sel",
    "prix": 4.59,
    "unite": 1,
    "image_filename": null
  },
  {
    "id": 898,
    "catalog_file_id": 83,
    "produit": "Pain au Maïs en petit moules 500 g",
    "description": "Farine de Maïs Ancien Grand Roux Basque\r\nBlé et Graines de tournesol ingrédients : Farine de Maïs\r\nFarine de Blé T65\r\nLevain de Blé, eau, sel\r\nGraines de tournesol\r\nCurcuma",
    "prix": 3.69,
    "unite": 1,
    "image_filename": null
  },
  {
    "id": 899,
    "catalog_file_id": 83,
    "produit": "Pain de Riz et Sorgho aux graines en petit moule 500 g",
    "description": "Base du pain de riz et Sorgho, \r\nMélange de graines oléagineuses\r\n ingrédients : Farine de Riz\r\nfarine de sorgho\r\neau, sel, levain, huile d'olive\r\n\r\nLin brun, lin doré, pavot, sésame, tournesol.",
    "prix": 4.91,
    "unite": 1,
    "image_filename": null
  },
  {
    "id": 900,
    "catalog_file_id": 83,
    "produit": "Brioche 900 g",
    "description": "Brioche au beurre Isigny Sainte Mère AOP et aux oeufs. Pas de lait ni d'eau. ingrédients : Farine de Blé T65, \r\nLevain de lait\r\nOeufs entiers, beurre Isigny St Mère, \r\nsucre de canne, sel, levure ",
    "prix": 12.55,
    "unite": 1,
    "image_filename": null
  },
  {
    "id": 901,
    "catalog_file_id": 83,
    "produit": "Brioche 450 g",
    "description": "Brioche au beurre Isigny Sainte Mère AOP et aux oeufs. Pas de lait ni d'eau. ingrédients : Farine de Blé T65, Levain de laitOeufs entiers, beurre Isigny St Mère, sucre de canne, sel, levure ",
    "prix": 6.18,
    "unite": 1,
    "image_filename": null
  },
  {
    "id": 902,
    "catalog_file_id": 83,
    "produit": "Roulé Cannelle 100 g",
    "description": "Sur une base de pain au lait, incorporation d'un beurre cannelle, puis tressage. ingrédients : Farine de Blé T65, lait, oeuf, beurre, sucre, sel, cannelle, levure",
    "prix": 1.69,
    "unite": 1,
    "image_filename": null
  },
  {
    "id": 903,
    "catalog_file_id": 83,
    "produit": "Brioche Provençale \"Pompe à l'huile\"",
    "description": "Brioche sans beurre ni œuf, dessert traditionnel du diner des apôtres,\r\nNaturellement Vegan ingrédients : Farine de Blé T65\r\nLevain de Blé\r\nEau, sel, levure\r\nHuile d'Olive",
    "prix": 1.58,
    "unite": 1,
    "image_filename": null
  },
  {
    "id": 905,
    "catalog_file_id": 83,
    "produit": "Bun's Brioché",
    "description": "Pain à Hamburger brioché aux œufs, beurre ingrédients : Farine T65, oeufs, beurre, lait, eau,  œuf, pâte fermentée, levure, sel",
    "prix": 1.06,
    "unite": 1,
    "image_filename": null
  },
  {
    "id": 906,
    "catalog_file_id": 83,
    "produit": "Shokupan 500 g",
    "description": "Pain de Mie de tradition Japonaise réalisée sur 3 pâtes et au levain de Panettone. \r\nConservation exceptionnelle de 10 jours sous film.\r\n10cm x 10cm x 19 cm ingrédients : Farine de Blé T55,\r\nLevain de Panettone\r\nLait, eau, sucre de canne, beurre isigny sainte mère,\r\nsel",
    "prix": 4.85,
    "unite": 1,
    "image_filename": null
  },
  {
    "id": 907,
    "catalog_file_id": 83,
    "produit": "Shokupan 1400 g",
    "description": "Pain de Mie de tradition Japonaise réalisée sur 3 pâtes et au levain de Panettone. \r\nConservation exceptionnelle de 10 jours sous film.\r\n11cm x 11cm x 36 cm ingrédients : Farine de Blé T55,\r\nLevain de Panettone\r\nLait, eau, sucre de canne, beurre isigny sainte mère,\r\nsel",
    "prix": 11.92,
    "unite": 1,
    "image_filename": null
  },
  {
    "id": 909,
    "catalog_file_id": 83,
    "produit": "Crackers",
    "description": "Crackers au levain de seigle et graines oléagineuses, huile d'olive, origan ingrédients : Farine de Blé T80\r\nFarine de Seigle T170\r\neau, sel, Lin Brun, Lin doré, Pavot, Sésame , Tournesol, Huile d'Olive, Origan",
    "prix": 15.09,
    "unite": 1,
    "image_filename": null
  },
  {
    "id": 910,
    "catalog_file_id": 83,
    "produit": "Cookies Noix-Noisettes-Chocolat",
    "description": "Cookies de 70 g\r\nGénéreusement garni de Noix, Noisettes et Chocolat ingrédients : Farine de Blé T65,\r\nOeufs entier, Beurre Isisgny Ste Mère, Sucre de Canne, \r\nNoix, Noisettes, Chocolat noir 66%\r\nsel, poudre levante",
    "prix": 1,
    "unite": 1,
    "image_filename": null
  },
  {
    "id": 911,
    "catalog_file_id": 83,
    "produit": "Canistrellis",
    "description": "Biscuits de tradition Corse, à l'anis, huile d'olive et vin blanc ingrédients : Farine de Blé T65,\r\nhuile d'olive, vin blanc, sucre, sel, graines d'anis, poudre levante",
    "prix": 15.56,
    "unite": 1,
    "image_filename": null
  },
  {
    "id": 912,
    "catalog_file_id": 83,
    "produit": "Brownie",
    "description": "Brownie aux Noix et chocolat noir 66% ingrédients : Farine de Blé T65\r\n Beurre Isigny St Mère, Œuf entier, sucre, noix, sel, poudre levante",
    "prix": 2.69,
    "unite": 1,
    "image_filename": null
  },
  {
    "id": 913,
    "catalog_file_id": 83,
    "produit": "Cake au citron",
    "description": "Pour les amoureux du citron !\r\nZest de citron, jus de citron, citron confit, sirop de citron. ingrédients : Farine de Blé T65,\r\nCitron jaune\r\nSucre de canne, Œuf entier, beurre Isigny Ste Mère, amidon de Maïs, sel ",
    "prix": 7.91,
    "unite": 1,
    "image_filename": null
  },
  {
    "id": 914,
    "catalog_file_id": 83,
    "produit": "Pain de Campagne Grand Moulé 1300g",
    "description": "Pain de Campagne cuit en moule rectangulaire. ingrédients : Farine de Blé T80, levain de Seigle T170, eau, sel",
    "prix": 4.43,
    "unite": 1,
    "image_filename": null
  },
  {
    "id": 915,
    "catalog_file_id": 83,
    "produit": "Pain de Campagne Grand Moulé 1500g",
    "description": "Pain de Campagne cuit en moule rectangulaire. ingrédients : Farine de Blé T80, levain de Seigle T170, eau, sel",
    "prix": 4.43,
    "unite": 1,
    "image_filename": null
  },
  {
    "id": 916,
    "catalog_file_id": 83,
    "produit": "Pain de Campagne Banneton 1000 g",
    "description": "Pain façonné en banneton osier et cuit à même sur la sole du four. Une croûte profonde et mie ouverte. ingrédients : Farine de Blé T80, levain de Seigle T170, eau, sel",
    "prix": 4.43,
    "unite": 1,
    "image_filename": null
  },
  {
    "id": 917,
    "catalog_file_id": 83,
    "produit": "Sechskornbröt Petit moulé 500 g",
    "description": "Farine de Seigle Complet Blé semi complet Levain de seigle Sel et eau Tournesol, flocon d'avoine, lin brun, lin doré, graines de courge",
    "prix": 2.95,
    "unite": 1,
    "image_filename": null
  },
  {
    "id": 921,
    "catalog_file_id": 86,
    "produit": "Pave  de truite_ truchetet_Kilo_",
    "description": "Pavé de truite  poids +- 120 grammes au prix de 25.20 le kilo",
    "prix": 3,
    "unite": 1,
    "image_filename": null
  },
  {
    "id": 922,
    "catalog_file_id": 86,
    "produit": "oeufs de truite truchetet_Unite_",
    "description": "oeufs de truite",
    "prix": 7.6,
    "unite": 1,
    "image_filename": null
  },
  {
    "id": 923,
    "catalog_file_id": 86,
    "produit": "Truite entiere truchetet_Kilo_",
    "description": "Truite entiere de septembre à décembre 2025  1.5 kg/ 2kg",
    "prix": 15.2,
    "unite": 1,
    "image_filename": null
  },
  {
    "id": 924,
    "catalog_file_id": 86,
    "produit": "Truite fumee paquet 150g truchetet_Unite_",
    "description": "Truite fumee paquet 150g",
    "prix": 8.5,
    "unite": 1,
    "image_filename": null
  },
  {
    "id": 925,
    "catalog_file_id": 86,
    "produit": "Truite fumee paquet 250g_ truchetet_Unite_",
    "description": "Truite fumee paquet 250g",
    "prix": 13.8,
    "unite": 1,
    "image_filename": null
  },
  {
    "id": 926,
    "catalog_file_id": 86,
    "produit": "Filet de truite",
    "description": "Filet entier au prix de 25.20 le kg",
    "prix": 25.2,
    "unite": 1,
    "image_filename": null
  },
  {
    "id": 927,
    "catalog_file_id": 75,
    "produit": "Sauté ",
    "description": "Sous vide environ 500g",
    "prix": 6.38,
    "unite": 1,
    "image_filename": null
  },
  {
    "id": 928,
    "catalog_file_id": 75,
    "produit": "Rôti ",
    "description": "Sous vide environ 800g",
    "prix": 23.12,
    "unite": 1,
    "image_filename": null
  },
  {
    "id": 929,
    "catalog_file_id": 75,
    "produit": "Jambon de Bayonne en quart",
    "description": "Sous vide environ 1kg500",
    "prix": 39.12,
    "unite": 1,
    "image_filename": null
  },
  {
    "id": 930,
    "catalog_file_id": 75,
    "produit": "Jambon de Bayonne tranché ",
    "description": "Sous vide environ 150 g",
    "prix": 5.67,
    "unite": 1,
    "image_filename": null
  },
  {
    "id": 931,
    "catalog_file_id": 75,
    "produit": "Coppa tranchée",
    "description": "Sous vide 100g",
    "prix": 3.93,
    "unite": 1,
    "image_filename": null
  },
  {
    "id": 932,
    "catalog_file_id": 75,
    "produit": "Lomo séché tranché",
    "description": "Sous vide 100g",
    "prix": 3.93,
    "unite": 1,
    "image_filename": null
  },
  {
    "id": 933,
    "catalog_file_id": 87,
    "produit": "COMTE FRUITE 12 MOIS ",
    "description": "500 g, sous vide - 10 à 16 mois d'affinage pour ce Comté aux arômes bien développés, appellé Comté Fruité. Sa pâte est à la fois ferme et souple.\r\nFondant en bouche. Idéal pour les amateurs de comté aux saveurs bien aromatisées",
    "prix": 8.87,
    "unite": 1,
    "image_filename": null
  },
  {
    "id": 934,
    "catalog_file_id": 87,
    "produit": "COMTE DOUX 6 MOIS",
    "description": "500 g, sous vide - Le plus jeune de nos Comtés appellé comté doux, 4 à 6 mois d'affinage. Si vous aimez les saveurs douces, ce Comté est fait pour vous. Sa texture onctueuse et ses arômes délicats vous raviront.",
    "prix": 8.22,
    "unite": 1,
    "image_filename": null
  },
  {
    "id": 935,
    "catalog_file_id": 87,
    "produit": "BLEU DE GEX ",
    "description": "500 g, sous vide - Fromage bénéficiant d'une AOC à pâte persillée pressée non cuite.\r\nL'arôme évoque le lait des riches pâturages du Jura. Son goût est unique.\r\nDélicieux en raclette, gratin, sur une salade avec des noix.",
    "prix": 9.63,
    "unite": 1,
    "image_filename": null
  },
  {
    "id": 936,
    "catalog_file_id": 87,
    "produit": "SAUCISSE DE MORTEAU ",
    "description": "sous vide - La saucisse de Morteau Label Rouge est faite avec de la viande de porc de première qualité et préparée selon la tradition régionale, fumée de façon traditionnelle dans des tuyés dans la région de Morteau dans le Haut-Doubs en Franche comté, à une altitude supérieure à 600 mètres.\r\nElle bénéficie d'un label IGP (Indication Géographique Protégée) depuis 2010, se congèle très facilement et sa petite particularité est sa cheville en bois à l'une de ses extrémités.",
    "prix": 11.29,
    "unite": 1,
    "image_filename": null
  },
  {
    "id": 937,
    "catalog_file_id": 87,
    "produit": "COMTE RESERVE 18-24 MOIS ",
    "description": "500 g, sous vide - Ses 18 mois minimum d'affinage lui conférent un caractère bien trempé. Appelé Comté Réserve ou Extra, vous retrouverez  en bouche  ses petits cristaux appelés acides aminés",
    "prix": 11.81,
    "unite": 1,
    "image_filename": null
  },
  {
    "id": 938,
    "catalog_file_id": 87,
    "produit": "MORBIER AFFINE ",
    "description": "500 g, sous vide - \r\nPâte pressée non cuite.\r\nAffiné entre 45 et 60 jours dans nos caves.\r\nArôme développé, long en bouche.\r\nS'utilise également en raclette ",
    "prix": 8.54,
    "unite": 1,
    "image_filename": null
  },
  {
    "id": 939,
    "catalog_file_id": 87,
    "produit": "MORBIER DOUX ",
    "description": "500 g, sous vide - Fromage au lait cru à pâte pressée non cuite.\r\nFabriqué dans le Jura, bénéficiant d'une AOP.\r\nPâte souple au parfum délicat.",
    "prix": 8.3,
    "unite": 1,
    "image_filename": null
  },
  {
    "id": 940,
    "catalog_file_id": 87,
    "produit": "RACLETTE LAIT CRU ",
    "description": "500 g, sous vide",
    "prix": 8.11,
    "unite": 1,
    "image_filename": null
  },
  {
    "id": 941,
    "catalog_file_id": 87,
    "produit": "TOMME DE MONTAGNE ",
    "description": "500 g, sous vide - Fabriquée dans notre fruitiere de Largillay\r\n\r\nD'un caractère plutôt doux , on la reconnait à sa croute grise, et sa pate légerement aérée.",
    "prix": 10.38,
    "unite": 1,
    "image_filename": null
  },
  {
    "id": 942,
    "catalog_file_id": 87,
    "produit": "TOME AU FENUGREC",
    "description": "250g, sous vide - Fromage  thermisé au lait de vache aromatisé aux graines de fenugrec ( plante herbacée de la familles des fabaceae) qui apportera un arôme de noix au produit. Convient très bien en raclette",
    "prix": 6.54,
    "unite": 1,
    "image_filename": null
  },
  {
    "id": 943,
    "catalog_file_id": 87,
    "produit": "TOME A L AIL ",
    "description": "250g, sous vide",
    "prix": 6.54,
    "unite": 1,
    "image_filename": null
  },
  {
    "id": 944,
    "catalog_file_id": 87,
    "produit": "TOME AIL DES OURS ",
    "description": "250g, sous vide - Fromage thermisé au lait de vache, aromatisé à  l'ail des ours  qui apportera un gout très subtil à la pâte.\r\nConvient également en raclette",
    "prix": 6.54,
    "unite": 1,
    "image_filename": null
  },
  {
    "id": 948,
    "catalog_file_id": 90,
    "produit": "foie gras entier 350g",
    "description": "conserve 350g ",
    "prix": 42,
    "unite": 1,
    "image_filename": null
  },
  {
    "id": 949,
    "catalog_file_id": 90,
    "produit": "foie gras entier  200 g ",
    "description": "conserve 200g",
    "prix": 25.2,
    "unite": 1,
    "image_filename": null
  },
  {
    "id": 950,
    "catalog_file_id": 90,
    "produit": "boite de 2 cuisses 600g ",
    "description": "conserve 600g",
    "prix": 10.5,
    "unite": 1,
    "image_filename": null
  },
  {
    "id": 951,
    "catalog_file_id": 90,
    "produit": "rillettes de canard 200 g ",
    "description": "conserve 200g",
    "prix": 5,
    "unite": 1,
    "image_filename": null
  },
  {
    "id": 952,
    "catalog_file_id": 90,
    "produit": "Confit de canard ",
    "description": "1 conserve avec 1 magret, 1 cuisse 1 aile, graisse ",
    "prix": 15,
    "unite": 1,
    "image_filename": null
  },
  {
    "id": 953,
    "catalog_file_id": 90,
    "produit": "pâté de canard 270 g ",
    "description": "conserve 270g",
    "prix": 10,
    "unite": 1,
    "image_filename": null
  },
  {
    "id": 954,
    "catalog_file_id": 90,
    "produit": "Canard entier ",
    "description": "2 foie gras entier 200g 2 confit de canard 1100g 1 rillettes de 200g ",
    "prix": 76.5,
    "unite": 1,
    "image_filename": null
  },
  {
    "id": 955,
    "catalog_file_id": 90,
    "produit": "Le demi canard",
    "description": " 1 foie gras entier 200g 1 confit de canard 1100g 1 paté de 270g ",
    "prix": 44,
    "unite": 1,
    "image_filename": null
  },
  {
    "id": 956,
    "catalog_file_id": 90,
    "produit": "MAGRET FRAIS",
    "description": "23,50€/kilo, magret sous vide d'environ 400g",
    "prix": 9.4,
    "unite": 1,
    "image_filename": null
  },
  {
    "id": 1016,
    "catalog_file_id": 98,
    "produit": "Morceau fromage brebis 1 kg_ferme Gaztelu Gat_Kilo_",
    "description": "fromage brebis 1 kg",
    "prix": 20,
    "unite": 1,
    "image_filename": null
  },
  {
    "id": 1017,
    "catalog_file_id": 98,
    "produit": "Tomme entière environ 2kg ",
    "description": "19€  le kilo",
    "prix": 38,
    "unite": 1,
    "image_filename": null
  },
  {
    "id": 1032,
    "catalog_file_id": 76,
    "produit": "bananes canarie",
    "description": "",
    "prix": 4.5,
    "unite": 1,
    "image_filename": null
  },
  {
    "id": 1033,
    "catalog_file_id": 102,
    "produit": "Steak haché surgelé (12)",
    "description": "12 SH à 19,80 LE KG",
    "prix": 29.7,
    "unite": 1,
    "image_filename": null
  },
  {
    "id": 1034,
    "catalog_file_id": 102,
    "produit": "colis boeuf",
    "description": "colis 6,500 à 7KG environ prix 19,80 € / KG  \r\n- partie fixe (entrecôte, faux filet, rôti, rumsteak )\r\n- partie au choix 3 KG  à préciser  ( bourguignon ou/et jarret ou/et merguez ou/et steaks hachés surgelés)",
    "prix": 130,
    "unite": 1,
    "image_filename": null
  },
  {
    "id": 1035,
    "catalog_file_id": 102,
    "produit": "Colis de veau",
    "description": "colis environ 5,500 KG prix 20,30 € / kg\r\nrôti, côtes filets, côtes découvertes, escalopes, poitrine, sauté, saucisse pur veau",
    "prix": 110,
    "unite": 1,
    "image_filename": null
  },
  {
    "id": 1036,
    "catalog_file_id": 102,
    "produit": "axoa de veau au piment d'Espelette",
    "description": "bocal de 750 g",
    "prix": 15,
    "unite": 1,
    "image_filename": null
  },
  {
    "id": 1037,
    "catalog_file_id": 102,
    "produit": "daube de boeuf",
    "description": "bocal de 750 g",
    "prix": 15,
    "unite": 1,
    "image_filename": null
  },
  {
    "id": 1038,
    "catalog_file_id": 102,
    "produit": "blanquette de veau",
    "description": "bocal de 750 g",
    "prix": 15,
    "unite": 1,
    "image_filename": null
  },
  {
    "id": 1041,
    "catalog_file_id": 104,
    "produit": "poulet entier",
    "description": "7,50 €/KG    pour 1kg800",
    "prix": 13.5,
    "unite": 1,
    "image_filename": null
  },
  {
    "id": 1042,
    "catalog_file_id": 104,
    "produit": "Cuisses de poulet",
    "description": "8,70 €/kg   400g",
    "prix": 3.48,
    "unite": 1,
    "image_filename": null
  },
  {
    "id": 1043,
    "catalog_file_id": 104,
    "produit": "Coquelet ",
    "description": "8,10 €/kg    pour 850 g",
    "prix": 6.88,
    "unite": 1,
    "image_filename": null
  },
  {
    "id": 1044,
    "catalog_file_id": 104,
    "produit": "pintade",
    "description": "9 €/kg   pour 1kg500",
    "prix": 13.5,
    "unite": 1,
    "image_filename": null
  },
  {
    "id": 3693,
    "catalog_file_id": 113,
    "produit": "Pain de Campagne Miche 2000 g",
    "description": "Gros pain de 2 kg, très longue cuisson.  ingrédients : Farine de Blé T80, levain de Seigle T170, eau, sel",
    "prix": 4.43,
    "unite": 1,
    "image_filename": null
  },
  {
    "id": 3694,
    "catalog_file_id": 113,
    "produit": "Pain de Campagne Moule Fermé 1500 g",
    "description": "Pain de Campagne cuit en moule fermé.\r\nIl a une forme parfaitement rectangulaire, et très peu de croûte ingrédients : Farine de Blé T80, levain de Seigle T170, eau, sel",
    "prix": 4.43,
    "unite": 1,
    "image_filename": null
  },
  {
    "id": 3695,
    "catalog_file_id": 113,
    "produit": "Petit Epeautre petit moule 500 g",
    "description": "Pain à la farine de Petit épeautre complet (engrain), et au levain de petit épeautre complet.\r\nTerroir AOP des Alpes de Haute Provence\r\nTrès riche en protéine et pauvre en gluten. ingrédients : Farine de Petit Epeautre complet\r\nlevain de Petit Epeautre, \r\neau, sel",
    "prix": 3.8,
    "unite": 1,
    "image_filename": null
  },
  {
    "id": 3696,
    "catalog_file_id": 113,
    "produit": "Petit Epeautre Grand  moule 1300 g",
    "description": "Pain à la farine de Petit épeautre complet (engrain), et au levain de petit épeautre complet.\r\nTerroir AOP des Alpes de Haute Provence\r\nTrès riche en protéine et pauvre en gluten. ingrédients : Farine de Petit Epeautre complet\r\nlevain de Petit Epeautre, \r\neau, sel",
    "prix": 8.02,
    "unite": 1,
    "image_filename": null
  },
  {
    "id": 3697,
    "catalog_file_id": 113,
    "produit": "Pain aux graines Grand Moulé 1300g",
    "description": "Pain aux graines oléagineuses sur base de pain de campagne.  ingrédients : Farine de Blé T80, levain de Seigle T170, lin brun, lin doré, tournesol, sésame, pavot, eau, sel",
    "prix": 5.05,
    "unite": 1,
    "image_filename": null
  },
  {
    "id": 3698,
    "catalog_file_id": 113,
    "produit": "Pain aux graines Banneton 1000g",
    "description": "Pain façonné en banneton osier et cuit à même sur la sole du four. Une croûte profonde et mie ouverte. ingrédients : Farine de Blé T80, levain de Seigle T170, lin brun, lin doré, tournesol, sésame, pavot, eau, sel",
    "prix": 5.05,
    "unite": 1,
    "image_filename": null
  },
  {
    "id": 3699,
    "catalog_file_id": 113,
    "produit": "Pain Généreux Grand Moulé 1300g",
    "description": "Pain aux fruits sec et fruits à coque, enveloppé dans des flocons d'avoine. ingrédients : Farine de Blé T80, levain de Seigle T170, Noisettes, Abricots, raisins de corinthe, flocons d'avoines, graines de courge, eau, sel",
    "prix": 6.7,
    "unite": 1,
    "image_filename": null
  },
  {
    "id": 3700,
    "catalog_file_id": 113,
    "produit": "Pain aux graines Miche 2000 g",
    "description": "Gros pain de 2 kg, très longue cuisson.  ingrédients : Farine de Blé T80, levain de Seigle T170, lin brun, lin doré, tournesol, sésame, pavot, eau, sel",
    "prix": 5.05,
    "unite": 1,
    "image_filename": null
  },
  {
    "id": 3701,
    "catalog_file_id": 113,
    "produit": "Pain de Méteil en Boule 1000 g",
    "description": "Pain rustique mi blé mi seigle au levain de seigle ingrédients : Farine de Blé T80\r\nFarine de Seigle T70\r\neau, sel, levain de seigle",
    "prix": 4.91,
    "unite": 1,
    "image_filename": null
  },
  {
    "id": 3702,
    "catalog_file_id": 113,
    "produit": "Pain au Maïs en petit moules 500 g",
    "description": "Farine de Maïs Ancien Grand Roux Basque\r\nBlé et Graines de tournesol ingrédients : Farine de Maïs\r\nFarine de Blé T65\r\nLevain de Blé, eau, sel\r\nGraines de tournesol\r\nCurcuma",
    "prix": 3.69,
    "unite": 1,
    "image_filename": null
  },
  {
    "id": 3703,
    "catalog_file_id": 113,
    "produit": "Pain de Khorasan en boule de 800 g",
    "description": "Farine de Blé dur ancien de variété Khorasan.  ingrédients : Farine de Khorasan \r\nLevain de Khorasan\r\neau, sel",
    "prix": 6.27,
    "unite": 1,
    "image_filename": null
  },
  {
    "id": 3704,
    "catalog_file_id": 113,
    "produit": "1/2 Focaccia en plaque de 1600 g",
    "description": "Pâte levée italienne, largement bassinée à l'huile d'Olive, vendue en 1/2 plaque de 1600 g de 30cm x 40 cm ingrédients : Farine de Blé T65\r\nlevain dur de blé T55\r\neau, sel, huile d'olive, origan",
    "prix": 9.28,
    "unite": 1,
    "image_filename": null
  },
  {
    "id": 3705,
    "catalog_file_id": 113,
    "produit": "1/2 Focaccia Olives & Tomates",
    "description": "Base de pâte à Focaccia + Olives de kalamata, Tomates séchées, huile d'olive et origan ingrédients : Farine de Blé T65\r\nEau, sel, levain dur de blé T55, \r\nOlives de kalamata, Tomates",
    "prix": 18.4,
    "unite": 1,
    "image_filename": null
  },
  {
    "id": 3706,
    "catalog_file_id": 113,
    "produit": "Focaccia en plaque de 3200 g",
    "description": "Pâte levée italienne, largement bassinée à l'huile d'Olive, vendue en plaque de 3200 g de 60cm x 40 cm ingrédients : Farine de Blé T65\r\nlevain dur de blé T55\r\neau, sel, huile d'olive, origan",
    "prix": 18.57,
    "unite": 1,
    "image_filename": null
  },
  {
    "id": 3707,
    "catalog_file_id": 113,
    "produit": "Focaccia Olives & Tomates",
    "description": "Base de pâte à Focaccia + Olives de kalamata, Tomates séchées, huile d'olive et origan ingrédients : Farine de Blé T65\r\nEau, sel, levain dur de blé T55, \r\nOlives de kalamata, Tomates",
    "prix": 36.8,
    "unite": 1,
    "image_filename": null
  },
  {
    "id": 3708,
    "catalog_file_id": 113,
    "produit": "Pain aux Noix Grand Moulé 1300 g",
    "description": "Un pain aux noix concassées et réhydratées, sur la base du pain de Campagne.  ingrédients : Farine de Blé T80, levain de Seigle T170, Noix, eau, sel",
    "prix": 8.23,
    "unite": 1,
    "image_filename": null
  },
  {
    "id": 3709,
    "catalog_file_id": 113,
    "produit": "Pain Complet Banneton 1000 g",
    "description": "Pain complet riche en fibres et minéraux, sans acide phytique grâce à la longue fermentation au levain. ingrédients : Pain complet riche en fibres et minéraux, sans acide phytique grâce à la longue fermentation au levain.",
    "prix": 4.59,
    "unite": 1,
    "image_filename": null
  },
  {
    "id": 3710,
    "catalog_file_id": 113,
    "produit": "Pain complet Grand Moulé 1300g",
    "description": "Pain complet riche en fibres et minéraux, sans acide phytique grâce à la longue fermentation au levain. ingrédients : Farine de Blé T80, Rémoulage, son fin,  levain de Seigle T170, eau, sel",
    "prix": 4.59,
    "unite": 1,
    "image_filename": null
  },
  {
    "id": 3711,
    "catalog_file_id": 113,
    "produit": "Pain Intégral Grand Moulé 1300 g",
    "description": "Pain au levain de seigle, réalisé avec l'intégralité du grain de blé.  Très riche en fibres et minéraux ingrédients : Farine de Blé T80, Rémoulage, son gros, son fin,  levain de Seigle T170, eau, sel",
    "prix": 4.59,
    "unite": 1,
    "image_filename": null
  },
  {
    "id": 3712,
    "catalog_file_id": 113,
    "produit": "Pain de Riz et Sorgho petit moule 500 g",
    "description": "Farines de Riz et de Sorgho, naturellement sans gluten, Huile d'olive. ingrédients : Farine de Riz\r\nFarine de Sorgho\r\nEau, sel, huile d'olive, levain et levure",
    "prix": 4.59,
    "unite": 1,
    "image_filename": null
  },
  {
    "id": 3713,
    "catalog_file_id": 113,
    "produit": "Pain de Riz et Sorgho aux graines en petit moule 500 g",
    "description": "Base du pain de riz et Sorgho, \r\nMélange de graines oléagineuses\r\n ingrédients : Farine de Riz\r\nfarine de sorgho\r\neau, sel, levain, huile d'olive\r\n\r\nLin brun, lin doré, pavot, sésame, tournesol.",
    "prix": 4.91,
    "unite": 1,
    "image_filename": null
  },
  {
    "id": 3714,
    "catalog_file_id": 113,
    "produit": "Brioche 450 g",
    "description": "Brioche au beurre Isigny Sainte Mère AOP et aux oeufs. Pas de lait ni d'eau. ingrédients : Farine de Blé T65, Levain de laitOeufs entiers, beurre Isigny St Mère, sucre de canne, sel, levure ",
    "prix": 6.18,
    "unite": 1,
    "image_filename": null
  },
  {
    "id": 3715,
    "catalog_file_id": 113,
    "produit": "Brioche 900 g",
    "description": "Brioche au beurre Isigny Sainte Mère AOP et aux oeufs. Pas de lait ni d'eau. ingrédients : Farine de Blé T65, \r\nLevain de lait\r\nOeufs entiers, beurre Isigny St Mère, \r\nsucre de canne, sel, levure ",
    "prix": 12.55,
    "unite": 1,
    "image_filename": null
  },
  {
    "id": 3716,
    "catalog_file_id": 113,
    "produit": "Roulé Cannelle 100 g",
    "description": "Sur une base de pain au lait, incorporation d'un beurre cannelle, puis tressage. ingrédients : Farine de Blé T65, lait, oeuf, beurre, sucre, sel, cannelle, levure",
    "prix": 1.69,
    "unite": 1,
    "image_filename": null
  },
  {
    "id": 3717,
    "catalog_file_id": 113,
    "produit": "Brioche Provençale \"Pompe à l'huile\"",
    "description": "Brioche sans beurre ni œuf, dessert traditionnel du diner des apôtres,\r\nNaturellement Vegan ingrédients : Farine de Blé T65\r\nLevain de Blé\r\nEau, sel, levure\r\nHuile d'Olive",
    "prix": 1.58,
    "unite": 1,
    "image_filename": null
  },
  {
    "id": 3718,
    "catalog_file_id": 113,
    "produit": "Bun's Brioché",
    "description": "Pain à Hamburger brioché aux œufs, beurre ingrédients : Farine T65, oeufs, beurre, lait, eau,  œuf, pâte fermentée, levure, sel",
    "prix": 1.06,
    "unite": 1,
    "image_filename": null
  },
  {
    "id": 3719,
    "catalog_file_id": 113,
    "produit": "Cookies Noix-Noisettes-Chocolat",
    "description": "Cookies de 70 g\r\nGénéreusement garni de Noix, Noisettes et Chocolat ingrédients : Farine de Blé T65,\r\nOeufs entier, Beurre Isisgny Ste Mère, Sucre de Canne, \r\nNoix, Noisettes, Chocolat noir 66%\r\nsel, poudre levante",
    "prix": 1,
    "unite": 1,
    "image_filename": null
  },
  {
    "id": 3720,
    "catalog_file_id": 113,
    "produit": "Canistrellis",
    "description": "Biscuits de tradition Corse, à l'anis, huile d'olive et vin blanc ingrédients : Farine de Blé T65,\r\nhuile d'olive, vin blanc, sucre, sel, graines d'anis, poudre levante",
    "prix": 15.56,
    "unite": 1,
    "image_filename": null
  },
  {
    "id": 3721,
    "catalog_file_id": 113,
    "produit": "Brownie",
    "description": "Brownie aux Noix et chocolat noir 66% ingrédients : Farine de Blé T65\r\n Beurre Isigny St Mère, Œuf entier, sucre, noix, sel, poudre levante",
    "prix": 2.69,
    "unite": 1,
    "image_filename": null
  },
  {
    "id": 3722,
    "catalog_file_id": 113,
    "produit": "Cake au citron",
    "description": "Pour les amoureux du citron !\r\nZest de citron, jus de citron, citron confit, sirop de citron. ingrédients : Farine de Blé T65,\r\nCitron jaune\r\nSucre de canne, Œuf entier, beurre Isigny Ste Mère, amidon de Maïs, sel ",
    "prix": 7.91,
    "unite": 1,
    "image_filename": null
  },
  {
    "id": 3723,
    "catalog_file_id": 113,
    "produit": "Pain de Campagne Grand Moulé 1300g",
    "description": "Pain de Campagne cuit en moule rectangulaire. ingrédients : Farine de Blé T80, levain de Seigle T170, eau, sel",
    "prix": 4.43,
    "unite": 1,
    "image_filename": null
  },
  {
    "id": 3724,
    "catalog_file_id": 113,
    "produit": "Pain de Campagne Banneton 1000 g",
    "description": "Pain façonné en banneton osier et cuit à même sur la sole du four. Une croûte profonde et mie ouverte. ingrédients : Farine de Blé T80, levain de Seigle T170, eau, sel",
    "prix": 4.43,
    "unite": 1,
    "image_filename": null
  },
  {
    "id": 3725,
    "catalog_file_id": 113,
    "produit": "Pain de Campagne Grand Moulé 1500g",
    "description": "Pain de Campagne cuit en moule rectangulaire. ingrédients : Farine de Blé T80, levain de Seigle T170, eau, sel",
    "prix": 4.43,
    "unite": 1,
    "image_filename": null
  },
  {
    "id": 3726,
    "catalog_file_id": 113,
    "produit": "Sechskornbröt Petit moulé 500 g",
    "description": "Farine de Seigle Complet Blé semi complet Levain de seigle Sel et eau Tournesol, flocon d'avoine, lin brun, lin doré, graines de courge",
    "prix": 2.95,
    "unite": 1,
    "image_filename": null
  },
  {
    "id": 3727,
    "catalog_file_id": 114,
    "produit": "Pain de Campagne Miche 2000 g",
    "description": "Gros pain de 2 kg, très longue cuisson.  ingrédients : Farine de Blé T80, levain de Seigle T170, eau, sel",
    "prix": 4.43,
    "unite": 1,
    "image_filename": null
  },
  {
    "id": 3728,
    "catalog_file_id": 114,
    "produit": "Pain aux graines Miche 2000 g",
    "description": "Gros pain de 2 kg, très longue cuisson.  ingrédients : Farine de Blé T80, levain de Seigle T170, lin brun, lin doré, tournesol, sésame, pavot, eau, sel",
    "prix": 5.05,
    "unite": 1,
    "image_filename": null
  },
  {
    "id": 3729,
    "catalog_file_id": 114,
    "produit": "Petit Epeautre petit moule 500 g",
    "description": "Pain à la farine de Petit épeautre complet (engrain), et au levain de petit épeautre complet.\r\nTerroir AOP des Alpes de Haute Provence\r\nTrès riche en protéine et pauvre en gluten. ingrédients : Farine de Petit Epeautre complet\r\nlevain de Petit Epeautre, \r\neau, sel",
    "prix": 3.8,
    "unite": 1,
    "image_filename": null
  },
  {
    "id": 3730,
    "catalog_file_id": 114,
    "produit": "Pain de Campagne Moule Fermé 1500 g",
    "description": "Pain de Campagne cuit en moule fermé.\r\nIl a une forme parfaitement rectangulaire, et très peu de croûte ingrédients : Farine de Blé T80, levain de Seigle T170, eau, sel",
    "prix": 4.43,
    "unite": 1,
    "image_filename": null
  },
  {
    "id": 3731,
    "catalog_file_id": 114,
    "produit": "Pain complet Grand Moulé 1300g",
    "description": "Pain complet riche en fibres et minéraux, sans acide phytique grâce à la longue fermentation au levain. ingrédients : Farine de Blé T80, Rémoulage, son fin,  levain de Seigle T170, eau, sel",
    "prix": 4.59,
    "unite": 1,
    "image_filename": null
  },
  {
    "id": 3732,
    "catalog_file_id": 114,
    "produit": "Pain de Riz et Sorgho petit moule 500 g",
    "description": "Farines de Riz et de Sorgho, naturellement sans gluten, Huile d'olive. ingrédients : Farine de Riz\r\nFarine de Sorgho\r\nEau, sel, huile d'olive, levain et levure",
    "prix": 4.59,
    "unite": 1,
    "image_filename": null
  },
  {
    "id": 3733,
    "catalog_file_id": 114,
    "produit": "Petit Epeautre Grand  moule 1300 g",
    "description": "Pain à la farine de Petit épeautre complet (engrain), et au levain de petit épeautre complet.\r\nTerroir AOP des Alpes de Haute Provence\r\nTrès riche en protéine et pauvre en gluten. ingrédients : Farine de Petit Epeautre complet\r\nlevain de Petit Epeautre, \r\neau, sel",
    "prix": 8.02,
    "unite": 1,
    "image_filename": null
  },
  {
    "id": 3734,
    "catalog_file_id": 114,
    "produit": "Pain aux graines Banneton 1000g",
    "description": "Pain façonné en banneton osier et cuit à même sur la sole du four. Une croûte profonde et mie ouverte. ingrédients : Farine de Blé T80, levain de Seigle T170, lin brun, lin doré, tournesol, sésame, pavot, eau, sel",
    "prix": 5.05,
    "unite": 1,
    "image_filename": null
  },
  {
    "id": 3735,
    "catalog_file_id": 114,
    "produit": "Pain aux graines Grand Moulé 1300g",
    "description": "Pain aux graines oléagineuses sur base de pain de campagne.  ingrédients : Farine de Blé T80, levain de Seigle T170, lin brun, lin doré, tournesol, sésame, pavot, eau, sel",
    "prix": 5.05,
    "unite": 1,
    "image_filename": null
  },
  {
    "id": 3736,
    "catalog_file_id": 114,
    "produit": "Pain Généreux Grand Moulé 1300g",
    "description": "Pain aux fruits sec et fruits à coque, enveloppé dans des flocons d'avoine. ingrédients : Farine de Blé T80, levain de Seigle T170, Noisettes, Abricots, raisins de corinthe, flocons d'avoines, graines de courge, eau, sel",
    "prix": 6.7,
    "unite": 1,
    "image_filename": null
  },
  {
    "id": 3737,
    "catalog_file_id": 114,
    "produit": "Pain aux Noix Grand Moulé 1300 g",
    "description": "Un pain aux noix concassées et réhydratées, sur la base du pain de Campagne.  ingrédients : Farine de Blé T80, levain de Seigle T170, Noix, eau, sel",
    "prix": 8.23,
    "unite": 1,
    "image_filename": null
  },
  {
    "id": 3738,
    "catalog_file_id": 114,
    "produit": "Pain Complet Banneton 1000 g",
    "description": "Pain complet riche en fibres et minéraux, sans acide phytique grâce à la longue fermentation au levain. ingrédients : Pain complet riche en fibres et minéraux, sans acide phytique grâce à la longue fermentation au levain.",
    "prix": 4.59,
    "unite": 1,
    "image_filename": null
  },
  {
    "id": 3739,
    "catalog_file_id": 114,
    "produit": "Pain au Maïs en petit moules 500 g",
    "description": "Farine de Maïs Ancien Grand Roux Basque\r\nBlé et Graines de tournesol ingrédients : Farine de Maïs\r\nFarine de Blé T65\r\nLevain de Blé, eau, sel\r\nGraines de tournesol\r\nCurcuma",
    "prix": 3.69,
    "unite": 1,
    "image_filename": null
  },
  {
    "id": 3740,
    "catalog_file_id": 114,
    "produit": "Pain Intégral Grand Moulé 1300 g",
    "description": "Pain au levain de seigle, réalisé avec l'intégralité du grain de blé.  Très riche en fibres et minéraux ingrédients : Farine de Blé T80, Rémoulage, son gros, son fin,  levain de Seigle T170, eau, sel",
    "prix": 4.59,
    "unite": 1,
    "image_filename": null
  },
  {
    "id": 3741,
    "catalog_file_id": 114,
    "produit": "Pain de Riz et Sorgho aux graines en petit moule 500 g",
    "description": "Base du pain de riz et Sorgho, \r\nMélange de graines oléagineuses\r\n ingrédients : Farine de Riz\r\nfarine de sorgho\r\neau, sel, levain, huile d'olive\r\n\r\nLin brun, lin doré, pavot, sésame, tournesol.",
    "prix": 4.91,
    "unite": 1,
    "image_filename": null
  },
  {
    "id": 3742,
    "catalog_file_id": 114,
    "produit": "Brioche 900 g",
    "description": "Brioche au beurre Isigny Sainte Mère AOP et aux oeufs. Pas de lait ni d'eau. ingrédients : Farine de Blé T65, \r\nLevain de lait\r\nOeufs entiers, beurre Isigny St Mère, \r\nsucre de canne, sel, levure ",
    "prix": 12.55,
    "unite": 1,
    "image_filename": null
  },
  {
    "id": 3743,
    "catalog_file_id": 114,
    "produit": "Brioche 450 g",
    "description": "Brioche au beurre Isigny Sainte Mère AOP et aux oeufs. Pas de lait ni d'eau. ingrédients : Farine de Blé T65, Levain de laitOeufs entiers, beurre Isigny St Mère, sucre de canne, sel, levure ",
    "prix": 6.18,
    "unite": 1,
    "image_filename": null
  },
  {
    "id": 3744,
    "catalog_file_id": 114,
    "produit": "Roulé Cannelle 100 g",
    "description": "Sur une base de pain au lait, incorporation d'un beurre cannelle, puis tressage. ingrédients : Farine de Blé T65, lait, oeuf, beurre, sucre, sel, cannelle, levure",
    "prix": 1.69,
    "unite": 1,
    "image_filename": null
  },
  {
    "id": 3745,
    "catalog_file_id": 114,
    "produit": "Brioche Provençale \"Pompe à l'huile\"",
    "description": "Brioche sans beurre ni œuf, dessert traditionnel du diner des apôtres,\r\nNaturellement Vegan ingrédients : Farine de Blé T65\r\nLevain de Blé\r\nEau, sel, levure\r\nHuile d'Olive",
    "prix": 1.58,
    "unite": 1,
    "image_filename": null
  },
  {
    "id": 3747,
    "catalog_file_id": 114,
    "produit": "Shokupan 500 g",
    "description": "Pain de Mie de tradition Japonaise réalisée sur 3 pâtes et au levain de Panettone. \r\nConservation exceptionnelle de 10 jours sous film.\r\n10cm x 10cm x 19 cm ingrédients : Farine de Blé T55,\r\nLevain de Panettone\r\nLait, eau, sucre de canne, beurre isigny sainte mère,\r\nsel",
    "prix": 4.85,
    "unite": 1,
    "image_filename": null
  },
  {
    "id": 3748,
    "catalog_file_id": 114,
    "produit": "Shokupan 1400 g",
    "description": "Pain de Mie de tradition Japonaise réalisée sur 3 pâtes et au levain de Panettone. \r\nConservation exceptionnelle de 10 jours sous film.\r\n11cm x 11cm x 36 cm ingrédients : Farine de Blé T55,\r\nLevain de Panettone\r\nLait, eau, sucre de canne, beurre isigny sainte mère,\r\nsel",
    "prix": 11.92,
    "unite": 1,
    "image_filename": null
  },
  {
    "id": 3749,
    "catalog_file_id": 114,
    "produit": "Crackers",
    "description": "Crackers au levain de seigle et graines oléagineuses, huile d'olive, origan ingrédients : Farine de Blé T80\r\nFarine de Seigle T170\r\neau, sel, Lin Brun, Lin doré, Pavot, Sésame , Tournesol, Huile d'Olive, Origan",
    "prix": 15.09,
    "unite": 1,
    "image_filename": null
  },
  {
    "id": 3750,
    "catalog_file_id": 114,
    "produit": "Cookies Noix-Noisettes-Chocolat",
    "description": "Cookies de 70 g\r\nGénéreusement garni de Noix, Noisettes et Chocolat ingrédients : Farine de Blé T65,\r\nOeufs entier, Beurre Isisgny Ste Mère, Sucre de Canne, \r\nNoix, Noisettes, Chocolat noir 66%\r\nsel, poudre levante",
    "prix": 1,
    "unite": 1,
    "image_filename": null
  },
  {
    "id": 3751,
    "catalog_file_id": 114,
    "produit": "Canistrellis",
    "description": "Biscuits de tradition Corse, à l'anis, huile d'olive et vin blanc ingrédients : Farine de Blé T65,\r\nhuile d'olive, vin blanc, sucre, sel, graines d'anis, poudre levante",
    "prix": 15.56,
    "unite": 1,
    "image_filename": null
  },
  {
    "id": 3752,
    "catalog_file_id": 114,
    "produit": "Brownie",
    "description": "Brownie aux Noix et chocolat noir 66% ingrédients : Farine de Blé T65\r\n Beurre Isigny St Mère, Œuf entier, sucre, noix, sel, poudre levante",
    "prix": 2.69,
    "unite": 1,
    "image_filename": null
  },
  {
    "id": 3753,
    "catalog_file_id": 114,
    "produit": "Cake au citron",
    "description": "Pour les amoureux du citron !\r\nZest de citron, jus de citron, citron confit, sirop de citron. ingrédients : Farine de Blé T65,\r\nCitron jaune\r\nSucre de canne, Œuf entier, beurre Isigny Ste Mère, amidon de Maïs, sel ",
    "prix": 7.91,
    "unite": 1,
    "image_filename": null
  },
  {
    "id": 3754,
    "catalog_file_id": 114,
    "produit": "Pain de Campagne Grand Moulé 1300g",
    "description": "Pain de Campagne cuit en moule rectangulaire. ingrédients : Farine de Blé T80, levain de Seigle T170, eau, sel",
    "prix": 4.43,
    "unite": 1,
    "image_filename": null
  },
  {
    "id": 3755,
    "catalog_file_id": 114,
    "produit": "Pain de Campagne Banneton 1000 g",
    "description": "Pain façonné en banneton osier et cuit à même sur la sole du four. Une croûte profonde et mie ouverte. ingrédients : Farine de Blé T80, levain de Seigle T170, eau, sel",
    "prix": 4.43,
    "unite": 1,
    "image_filename": null
  },
  {
    "id": 3756,
    "catalog_file_id": 114,
    "produit": "Pain de Campagne Grand Moulé 1500g",
    "description": "Pain de Campagne cuit en moule rectangulaire. ingrédients : Farine de Blé T80, levain de Seigle T170, eau, sel",
    "prix": 4.43,
    "unite": 1,
    "image_filename": null
  },
  {
    "id": 3757,
    "catalog_file_id": 114,
    "produit": "Sechskornbröt Petit moulé 500 g",
    "description": "Farine de Seigle Complet Blé semi complet Levain de seigle Sel et eau Tournesol, flocon d'avoine, lin brun, lin doré, graines de courge",
    "prix": 2.95,
    "unite": 1,
    "image_filename": null
  },
  {
    "id": 3758,
    "catalog_file_id": 75,
    "produit": "saucisse sèche ",
    "description": "190 g à 25,66 €/kg",
    "prix": 4.88,
    "unite": 1,
    "image_filename": null
  },
  {
    "id": 3759,
    "catalog_file_id": 75,
    "produit": "Saucisson",
    "description": "190 g à 25,66 €/kg",
    "prix": 4.88,
    "unite": 1,
    "image_filename": null
  },
  {
    "id": 3760,
    "catalog_file_id": 75,
    "produit": "Boudin ",
    "description": "bocal 190 g ",
    "prix": 4.04,
    "unite": 1,
    "image_filename": null
  },
  {
    "id": 3761,
    "catalog_file_id": 75,
    "produit": "Hure",
    "description": "bocal 190 g ",
    "prix": 4.15,
    "unite": 1,
    "image_filename": null
  },
  {
    "id": 3762,
    "catalog_file_id": 75,
    "produit": "Pâté armagnac",
    "description": "bocal 190 g ",
    "prix": 4.15,
    "unite": 1,
    "image_filename": null
  },
  {
    "id": 3763,
    "catalog_file_id": 75,
    "produit": "Pâté campagne",
    "description": "bocal 190 g ",
    "prix": 4,
    "unite": 1,
    "image_filename": null
  },
  {
    "id": 3764,
    "catalog_file_id": 75,
    "produit": "Pâté piment",
    "description": "bocal 190 g ",
    "prix": 4.07,
    "unite": 1,
    "image_filename": null
  },
  {
    "id": 3765,
    "catalog_file_id": 75,
    "produit": "Rillettes",
    "description": "bocal 190 g ",
    "prix": 4.16,
    "unite": 1,
    "image_filename": null
  },
  {
    "id": 3772,
    "catalog_file_id": 116,
    "produit": "Pave  de truite_ truchetet_Kilo_",
    "description": "Pavé de truite  poids +- 120 grammes au prix de 25.20 le kilo",
    "prix": 3,
    "unite": 1,
    "image_filename": null
  },
  {
    "id": 3773,
    "catalog_file_id": 116,
    "produit": "oeufs de truite truchetet_Unite_",
    "description": "oeufs de truite",
    "prix": 7.6,
    "unite": 1,
    "image_filename": null
  },
  {
    "id": 3774,
    "catalog_file_id": 116,
    "produit": "Truite entiere truchetet_Kilo_",
    "description": "Truite entiere de septembre à décembre 2025  1.5 kg/ 2kg",
    "prix": 15.2,
    "unite": 1,
    "image_filename": null
  },
  {
    "id": 3775,
    "catalog_file_id": 116,
    "produit": "Truite fumee paquet 150g truchetet_Unite_",
    "description": "Truite fumee paquet 150g",
    "prix": 8.5,
    "unite": 1,
    "image_filename": null
  },
  {
    "id": 3776,
    "catalog_file_id": 116,
    "produit": "Truite fumee paquet 250g_ truchetet_Unite_",
    "description": "Truite fumee paquet 250g",
    "prix": 13.8,
    "unite": 1,
    "image_filename": null
  },
  {
    "id": 3777,
    "catalog_file_id": 116,
    "produit": "Filet de truite",
    "description": "Filet entier au prix de 25.20 le kg",
    "prix": 25.2,
    "unite": 1,
    "image_filename": null
  },
  {
    "id": 3790,
    "catalog_file_id": 119,
    "produit": "poulet entier",
    "description": "7,50 €/KG    pour 1kg700",
    "prix": 12.75,
    "unite": 1,
    "image_filename": null
  },
  {
    "id": 3791,
    "catalog_file_id": 119,
    "produit": "Cuisses de poulet",
    "description": "8,70 €/kg   400g",
    "prix": 3.48,
    "unite": 1,
    "image_filename": null
  },
  {
    "id": 3792,
    "catalog_file_id": 119,
    "produit": "Coquelet ",
    "description": "8,10 €/kg    pour 850 g",
    "prix": 6.88,
    "unite": 1,
    "image_filename": null
  },
  {
    "id": 3793,
    "catalog_file_id": 119,
    "produit": "pintade",
    "description": "9 €/kg   pour 1kg500",
    "prix": 13.5,
    "unite": 1,
    "image_filename": null
  },
  {
    "id": 3796,
    "catalog_file_id": 87,
    "produit": "MONT D'OR mini",
    "description": "(pour 2 pers) Fromage au lait cru, à pâte molle bénificiant d'une A.O.P, aussi appelé vacherin du Haut-Doubs.",
    "prix": 11.05,
    "unite": 1,
    "image_filename": null
  },
  {
    "id": 3797,
    "catalog_file_id": 87,
    "produit": "MONT D'OR moyen",
    "description": "(pour 3-4 pers) Fromage au lait cru, à pâte molle bénificiant d'une A.O.P, aussi appelé vacherin du Haut-Doubs.",
    "prix": 14.52,
    "unite": 1,
    "image_filename": null
  },
  {
    "id": 3813,
    "catalog_file_id": 124,
    "produit": "BLEU DE GEX 500g",
    "description": "sous vide - Fromage bénéficiant d'une AOC à pâte persillée pressée non cuite. L'arôme évoque le lait des riches pâturages du Jura. Son goût est unique. Délicieux en raclette, gratin, sur une salade avec des noix.",
    "prix": 9.63,
    "unite": 1,
    "image_filename": null
  },
  {
    "id": 3814,
    "catalog_file_id": 124,
    "produit": "COMTE DOUX 6 MOIS 500g",
    "description": "sous vide - Le plus jeune de nos Comtés appelé comté doux, 4 à 6 mois d'affinage. Si vous aimez les saveurs douces, ce Comté est fait pour vous. Sa texture onctueuse et ses arômes délicats vous raviront.",
    "prix": 8.22,
    "unite": 1,
    "image_filename": null
  },
  {
    "id": 3815,
    "catalog_file_id": 124,
    "produit": "COMTE FRUITE 12 MOIS 500g",
    "description": "sous vide - 10 à 16 mois d'affinage pour ce Comté aux arômes bien développés, appelé Comté Fruité. Sa pâte est à la fois ferme et souple. Fondant en bouche. Idéal pour les amateurs de comté aux saveurs bien aromatisées",
    "prix": 8.87,
    "unite": 1,
    "image_filename": null
  },
  {
    "id": 3816,
    "catalog_file_id": 124,
    "produit": "MORBIER AFFINE 500g",
    "description": "sous vide - Pâte pressée non cuite. Affiné entre 45 et 60 jours dans nos caves. Arôme développé, long en bouche. S'utilise également en raclette",
    "prix": 8.54,
    "unite": 1,
    "image_filename": null
  },
  {
    "id": 3817,
    "catalog_file_id": 124,
    "produit": "MORBIER DOUX 500g",
    "description": "sous vide - Fromage au lait cru à pâte pressée non cuite. Fabriqué dans le Jura, bénéficiant d'une AOP. Pâte souple au parfum délicat.",
    "prix": 8.3,
    "unite": 1,
    "image_filename": null
  },
  {
    "id": 3818,
    "catalog_file_id": 124,
    "produit": "RACLETTE LAIT CRU 500g",
    "description": "sous vide - Fromage au lait cru, à pâte pressée non cuite.",
    "prix": 8.11,
    "unite": 1,
    "image_filename": null
  },
  {
    "id": 3819,
    "catalog_file_id": 124,
    "produit": "TOME A L AIL 250g",
    "description": "sous vide",
    "prix": 6.54,
    "unite": 1,
    "image_filename": null
  },
  {
    "id": 3820,
    "catalog_file_id": 124,
    "produit": "TOME AIL DES OURS 250g",
    "description": "sous vide - Fromage thermisé au lait de vache, aromatisé à l'ail des ours qui apportera un goût très subtil à la pâte. Convient également en raclette",
    "prix": 6.54,
    "unite": 1,
    "image_filename": null
  },
  {
    "id": 3821,
    "catalog_file_id": 124,
    "produit": "TOME AU FENUGREC 250g",
    "description": "sous vide - Fromage thermisé au lait de vache aromatisé aux graines de fenugrec ( plante herbacée de la familles des fabaceae) qui apportera un arôme de noix au produit. Convient très bien en raclette",
    "prix": 6.54,
    "unite": 1,
    "image_filename": null
  },
  {
    "id": 3822,
    "catalog_file_id": 124,
    "produit": "BLEU DE GEX 1kg",
    "description": "sous vide - Fromage bénéficiant d'une AOC à pâte persillée pressée non cuite. L'arôme évoque le lait des riches pâturages du Jura. Son goût est unique. Délicieux en raclette, gratin, sur une salade avec des noix.",
    "prix": 18.61,
    "unite": 1,
    "image_filename": null
  },
  {
    "id": 3823,
    "catalog_file_id": 124,
    "produit": "COMTE FRUITE 12 MOIS 1kg",
    "description": "sous vide - 10 à 16 mois d'affinage pour ce Comté aux arômes bien développés, appellé Comté Fruité. Sa pâte est à la fois ferme et souple. Fondant en bouche. Idéal pour les amateurs de comté aux saveurs bien aromatisées",
    "prix": 17.09,
    "unite": 1,
    "image_filename": null
  },
  {
    "id": 3824,
    "catalog_file_id": 124,
    "produit": "MONT D'OR mini",
    "description": "(pour 2 pers) Fromage au lait cru, à pâte molle bénéficiant d'une AOP, aussi appelé vacherin du Haut-Doubs.",
    "prix": 11.05,
    "unite": 1,
    "image_filename": null
  },
  {
    "id": 3825,
    "catalog_file_id": 124,
    "produit": "COMTE RESERVE 18-24 MOIS 1kg",
    "description": "sous vide - Ses 18 mois minimum d'affinage lui conférent un caractère bien trempé. Appelé Comté Réserve ou Extra, vous retrouverez en bouche ses petits cristaux appelés acides aminés",
    "prix": 22.96,
    "unite": 1,
    "image_filename": null
  },
  {
    "id": 3826,
    "catalog_file_id": 124,
    "produit": "MORBIER AFFINE 1kg",
    "description": "sous vide - Pâte pressée non cuite. Affiné entre 45 et 60 jours dans nos caves. Arôme développé, long en bouche. S'utilise également en raclette",
    "prix": 16.42,
    "unite": 1,
    "image_filename": null
  },
  {
    "id": 3827,
    "catalog_file_id": 124,
    "produit": "TOMME DE MONTAGNE 500g",
    "description": "sous vide - Fabriquée dans notre fruitière de Largillay D'un caractère plutôt doux , on la reconnaît à sa croûte grise, et sa pâte légèrement aérée.",
    "prix": 10.38,
    "unite": 1,
    "image_filename": null
  },
  {
    "id": 3828,
    "catalog_file_id": 124,
    "produit": "COMTE RESERVE 18-24 MOIS 500g",
    "description": "sous vide - Ses 18 mois minimum d'affinage lui conférent un caractère bien trempé. Appelé Comté Réserve ou Extra, vous retrouverez en bouche ses petits cristaux appelés acides aminés",
    "prix": 11.81,
    "unite": 1,
    "image_filename": null
  },
  {
    "id": 3829,
    "catalog_file_id": 124,
    "produit": "RACLETTE LAIT CRU 1kg",
    "description": "sous vide - Fromage au lait cru, à pâte pressée non cuite.",
    "prix": 15.57,
    "unite": 1,
    "image_filename": null
  },
  {
    "id": 3830,
    "catalog_file_id": 124,
    "produit": "COMTE DOUX 6 MOIS 1kg",
    "description": "sous vide - Le plus jeune de nos Comtés appelé comté doux, 4 à 6 mois d'affinage. Si vous aimez les saveurs douces, ce Comté est fait pour vous. Sa texture onctueuse et ses arômes délicats vous raviront.",
    "prix": 15.78,
    "unite": 1,
    "image_filename": null
  },
  {
    "id": 3831,
    "catalog_file_id": 124,
    "produit": "MORBIER DOUX 1kg",
    "description": "sous vide - Fromage au lait cru à pâte pressée non cuite. Fabriqué dans le Jura, bénéficiant d'une AOP. Pâte souple au parfum délicat.",
    "prix": 15.94,
    "unite": 1,
    "image_filename": null
  },
  {
    "id": 3832,
    "catalog_file_id": 124,
    "produit": "TOMME DE MONTAGNE 1kg",
    "description": "sous vide - Fabriquée dans notre fruitière de Largillay D'un caractère plutôt doux , on la reconnaît à sa croûte grise, et sa pâte légèrement aérée.",
    "prix": 20.11,
    "unite": 1,
    "image_filename": null
  },
  {
    "id": 3833,
    "catalog_file_id": 124,
    "produit": "MONT D'OR moyen",
    "description": "(pour 3-4 pers) Fromage au lait cru, à pâte molle bénéficiant d'une AOP, aussi appelé vacherin du Haut-Doubs.",
    "prix": 14.52,
    "unite": 1,
    "image_filename": null
  },
  {
    "id": 3834,
    "catalog_file_id": 124,
    "produit": "SAUCISSE DE MORTEAU",
    "description": "sous vide - La saucisse de Morteau Label Rouge est faite avec de la viande de porc de première qualité et préparée selon la tradition régionale, fumée de façon traditionnelle dans des tuyés dans la région de Morteau. Elle bénéficie d'un label IGP (Indication Géographique Protégée) depuis 2010 et se congèle très facilement.",
    "prix": 11.29,
    "unite": 1,
    "image_filename": null
  },
  {
    "id": 3841,
    "catalog_file_id": 119,
    "produit": "Ailes de poulets",
    "description": "Paquet de 6 ailes",
    "prix": 4.8,
    "unite": 1,
    "image_filename": null
  },
  {
    "id": 3842,
    "catalog_file_id": 126,
    "produit": "poulet entier",
    "description": "7,50 €/KG    pour 1kg700",
    "prix": 12.75,
    "unite": 1,
    "image_filename": null
  },
  {
    "id": 3843,
    "catalog_file_id": 126,
    "produit": "paquet de 2 cuisses de poulet",
    "description": "8,70 €/kg   400g",
    "prix": 3.48,
    "unite": 1,
    "image_filename": null
  },
  {
    "id": 3844,
    "catalog_file_id": 126,
    "produit": "Coquelet ",
    "description": "8,10 €/kg    pour 850 g",
    "prix": 6.88,
    "unite": 1,
    "image_filename": null
  },
  {
    "id": 3845,
    "catalog_file_id": 126,
    "produit": "pintade",
    "description": "9 €/kg   pour 1kg500",
    "prix": 13.5,
    "unite": 1,
    "image_filename": null
  },
  {
    "id": 3846,
    "catalog_file_id": 126,
    "produit": "Ailes de poulets",
    "description": "Paquet de 6 ailes",
    "prix": 4.8,
    "unite": 1,
    "image_filename": null
  },
  {
    "id": 3847,
    "catalog_file_id": 98,
    "produit": "Tomme entière 5kg",
    "description": "19€/kilo",
    "prix": 45,
    "unite": 1,
    "image_filename": null
  },
  {
    "id": 3848,
    "catalog_file_id": 98,
    "produit": "Morceau 500g brebis",
    "description": "20€/kilo",
    "prix": 10,
    "unite": 1,
    "image_filename": null
  },
  {
    "id": 3849,
    "catalog_file_id": 127,
    "produit": "Araignee de porc  La ferme d'Arracq",
    "description": " Sous vide environ 300 G ",
    "prix": 5.64,
    "unite": 1,
    "image_filename": null
  },
  {
    "id": 3850,
    "catalog_file_id": 127,
    "produit": "Chair à saucisse La ferme d'Arracq",
    "description": "Sous vide environ 500 G ",
    "prix": 5.95,
    "unite": 1,
    "image_filename": null
  },
  {
    "id": 3851,
    "catalog_file_id": 127,
    "produit": "jambon blanc cuit  4 tranches La ferme d'Arracq",
    "description": "sous vide environ 200 G",
    "prix": 5.99,
    "unite": 1,
    "image_filename": null
  },
  {
    "id": 3852,
    "catalog_file_id": 127,
    "produit": "Lardons frais La ferme d'Arracq",
    "description": " Sous vide environ 200 G ",
    "prix": 2.67,
    "unite": 1,
    "image_filename": null
  },
  {
    "id": 3853,
    "catalog_file_id": 127,
    "produit": "Lardons séchés La Ferme d'Arracq",
    "description": "sous vide environ 200 G  ",
    "prix": 3.54,
    "unite": 1,
    "image_filename": null
  },
  {
    "id": 3854,
    "catalog_file_id": 127,
    "produit": "colis de porc  bio 10 KG",
    "description": "1KG  de chipolatas, poitrine tranchée, saucisses de Toulouse, chair à saucisse, coustou\r\n2X1KG de cotes de porc, 2X1KG sauté de porc,600 G de jarret, 2X200G lardons",
    "prix": 140,
    "unite": 1,
    "image_filename": null
  },
  {
    "id": 3855,
    "catalog_file_id": 127,
    "produit": "colis de porc bio prenium 5 KG",
    "description": "2X300 g d'araignée, 1kg200  côte de porc, 1kg200 filet mignon, 1 kg joue de porc, 1 kg rouelle",
    "prix": 95,
    "unite": 1,
    "image_filename": null
  },
  {
    "id": 3856,
    "catalog_file_id": 127,
    "produit": "colis de porc frais",
    "description": "1 kg de chipolatas, côtes , poitrine tranchée, saucisses de Toulouse, sauté.",
    "prix": 70,
    "unite": 1,
    "image_filename": null
  },
  {
    "id": 3857,
    "catalog_file_id": 127,
    "produit": "Lardons séchés La ferme d'Arracq",
    "description": "Sous vide environ 200 G \r\n ",
    "prix": 3.54,
    "unite": 1,
    "image_filename": null
  },
  {
    "id": 3858,
    "catalog_file_id": 127,
    "produit": "Txitorra par 5 La ferme d'Arracq",
    "description": "sous vide environ 350 G ",
    "prix": 5.02,
    "unite": 1,
    "image_filename": null
  },
  {
    "id": 3859,
    "catalog_file_id": 127,
    "produit": "Poitrine de porc tranchée par 5 La Ferme d'Arracq",
    "description": "Sous vide environ 250 G ",
    "prix": 2.74,
    "unite": 1,
    "image_filename": null
  },
  {
    "id": 3860,
    "catalog_file_id": 127,
    "produit": "Saucisse de Toulouse par 3 La Ferme d'Arracq",
    "description": "Sous vide environ 250 G ",
    "prix": 3.59,
    "unite": 1,
    "image_filename": null
  },
  {
    "id": 3861,
    "catalog_file_id": 127,
    "produit": "Chipolata par 5 La ferme d'Arracq",
    "description": "Sous vide environ 350 G ",
    "prix": 5.02,
    "unite": 1,
    "image_filename": null
  },
  {
    "id": 3862,
    "catalog_file_id": 127,
    "produit": "Cote de porc par 3 La ferme d'Arracq",
    "description": " Sous vide environ 600 G ",
    "prix": 7.63,
    "unite": 1,
    "image_filename": null
  },
  {
    "id": 3863,
    "catalog_file_id": 127,
    "produit": "Coustou frais La ferme d'Arracq",
    "description": "Sous vide environ 500 G ",
    "prix": 3.82,
    "unite": 1,
    "image_filename": null
  },
  {
    "id": 3864,
    "catalog_file_id": 127,
    "produit": "Sauté ",
    "description": "Sous vide environ 500g",
    "prix": 6.38,
    "unite": 1,
    "image_filename": null
  },
  {
    "id": 3865,
    "catalog_file_id": 127,
    "produit": "Rôti ",
    "description": "Sous vide environ 800g",
    "prix": 23.12,
    "unite": 1,
    "image_filename": null
  },
  {
    "id": 3866,
    "catalog_file_id": 127,
    "produit": "Jambon de Bayonne en quart",
    "description": "Sous vide environ 1kg500",
    "prix": 39.12,
    "unite": 1,
    "image_filename": null
  },
  {
    "id": 3867,
    "catalog_file_id": 127,
    "produit": "Jambon de Bayonne tranché ",
    "description": "Sous vide environ 150 g",
    "prix": 5.67,
    "unite": 1,
    "image_filename": null
  },
  {
    "id": 3868,
    "catalog_file_id": 127,
    "produit": "Coppa tranchée",
    "description": "Sous vide 100g",
    "prix": 3.93,
    "unite": 1,
    "image_filename": null
  },
  {
    "id": 3869,
    "catalog_file_id": 127,
    "produit": "Lomo séché tranché",
    "description": "Sous vide 100g",
    "prix": 3.93,
    "unite": 1,
    "image_filename": null
  },
  {
    "id": 3870,
    "catalog_file_id": 127,
    "produit": "saucisse sèche ",
    "description": "190 g à 25,66 €/kg",
    "prix": 4.88,
    "unite": 1,
    "image_filename": null
  },
  {
    "id": 3871,
    "catalog_file_id": 127,
    "produit": "Saucisson",
    "description": "190 g à 25,66 €/kg",
    "prix": 4.88,
    "unite": 1,
    "image_filename": null
  },
  {
    "id": 3872,
    "catalog_file_id": 127,
    "produit": "Filet mignon La ferme d'Arracq",
    "description": " Sous vide environ 600 G ",
    "prix": 10.7,
    "unite": 1,
    "image_filename": null
  },
  {
    "id": 3873,
    "catalog_file_id": 127,
    "produit": "Boudin ",
    "description": "bocal 190 g ",
    "prix": 4.04,
    "unite": 1,
    "image_filename": null
  },
  {
    "id": 3874,
    "catalog_file_id": 127,
    "produit": "pâté de tête - hure",
    "description": "bocal 190 g ",
    "prix": 4.15,
    "unite": 1,
    "image_filename": null
  },
  {
    "id": 3875,
    "catalog_file_id": 127,
    "produit": "Pâté armagnac",
    "description": "bocal 190 g ",
    "prix": 4.15,
    "unite": 1,
    "image_filename": null
  },
  {
    "id": 3876,
    "catalog_file_id": 127,
    "produit": "Pâté campagne",
    "description": "bocal 190 g ",
    "prix": 4,
    "unite": 1,
    "image_filename": null
  },
  {
    "id": 3877,
    "catalog_file_id": 127,
    "produit": "Pâté piment",
    "description": "bocal 190 g ",
    "prix": 4.07,
    "unite": 1,
    "image_filename": null
  },
  {
    "id": 3878,
    "catalog_file_id": 127,
    "produit": "Rillettes",
    "description": "bocal 190 g ",
    "prix": 4.16,
    "unite": 1,
    "image_filename": null
  },
  {
    "id": 3879,
    "catalog_file_id": 128,
    "produit": "Araignee de porc  La ferme d'Arracq",
    "description": " Sous vide environ 300 G ",
    "prix": 5.64,
    "unite": 1,
    "image_filename": null
  },
  {
    "id": 3880,
    "catalog_file_id": 128,
    "produit": "Chair à saucisse La ferme d'Arracq",
    "description": "Sous vide environ 500 G ",
    "prix": 5.95,
    "unite": 1,
    "image_filename": null
  },
  {
    "id": 3881,
    "catalog_file_id": 128,
    "produit": "Txitorra par 5 La ferme d'Arracq",
    "description": "sous vide environ 350 G ",
    "prix": 5.02,
    "unite": 1,
    "image_filename": null
  },
  {
    "id": 3882,
    "catalog_file_id": 128,
    "produit": "Poitrine de porc tranchée par 5 La Ferme d'Arracq",
    "description": "Sous vide environ 250 G ",
    "prix": 2.74,
    "unite": 1,
    "image_filename": null
  },
  {
    "id": 3883,
    "catalog_file_id": 128,
    "produit": "Coustou frais La ferme d'Arracq",
    "description": "Sous vide environ 500 G ",
    "prix": 3.82,
    "unite": 1,
    "image_filename": null
  },
  {
    "id": 3884,
    "catalog_file_id": 128,
    "produit": "Filet mignon La ferme d'Arracq",
    "description": " Sous vide environ 600 G ",
    "prix": 10.7,
    "unite": 1,
    "image_filename": null
  },
  {
    "id": 3885,
    "catalog_file_id": 128,
    "produit": "Saucisse de Toulouse par 3 La Ferme d'Arracq",
    "description": "Sous vide environ 250 G ",
    "prix": 3.59,
    "unite": 1,
    "image_filename": null
  },
  {
    "id": 3886,
    "catalog_file_id": 128,
    "produit": "Cote de porc par 3 La ferme d'Arracq",
    "description": " Sous vide environ 600 G ",
    "prix": 7.63,
    "unite": 1,
    "image_filename": null
  },
  {
    "id": 3887,
    "catalog_file_id": 128,
    "produit": "jambon blanc cuit  4 tranches La ferme d'Arracq",
    "description": "sous vide environ 200 G",
    "prix": 5.99,
    "unite": 1,
    "image_filename": null
  },
  {
    "id": 3888,
    "catalog_file_id": 128,
    "produit": "Lardons frais La ferme d'Arracq",
    "description": " Sous vide environ 200 G ",
    "prix": 2.67,
    "unite": 1,
    "image_filename": null
  },
  {
    "id": 3889,
    "catalog_file_id": 128,
    "produit": "colis de porc  bio 10 KG",
    "description": "1KG  de chipolatas, poitrine tranchée, saucisses de Toulouse, chair à saucisse, coustou\r\n2X1KG de cotes de porc, 2X1KG sauté de porc,600 G de jarret, 2X200G lardons",
    "prix": 140,
    "unite": 1,
    "image_filename": null
  },
  {
    "id": 3891,
    "catalog_file_id": 128,
    "produit": "colis de porc frais",
    "description": "1 kg de chipolatas, côtes , poitrine tranchée, saucisses de Toulouse, sauté.",
    "prix": 70,
    "unite": 1,
    "image_filename": null
  },
  {
    "id": 3892,
    "catalog_file_id": 128,
    "produit": "colis de porc bio prenium 5 KG",
    "description": "2X300 g d'araignée, 1kg200  côte de porc, 1kg200 filet mignon, 1 kg joue de porc, 1 kg rouelle",
    "prix": 95,
    "unite": 1,
    "image_filename": null
  },
  {
    "id": 3893,
    "catalog_file_id": 128,
    "produit": "Sauté ",
    "description": "Sous vide environ 500g",
    "prix": 6.38,
    "unite": 1,
    "image_filename": null
  },
  {
    "id": 3894,
    "catalog_file_id": 128,
    "produit": "Jambon de Bayonne tranché ",
    "description": "Sous vide environ 150 g",
    "prix": 5.67,
    "unite": 1,
    "image_filename": null
  },
  {
    "id": 3895,
    "catalog_file_id": 128,
    "produit": "Rôti ",
    "description": "Sous vide environ 800g",
    "prix": 23.12,
    "unite": 1,
    "image_filename": null
  },
  {
    "id": 3896,
    "catalog_file_id": 128,
    "produit": "Jambon de Bayonne en quart",
    "description": "Sous vide environ 1kg500",
    "prix": 39.12,
    "unite": 1,
    "image_filename": null
  },
  {
    "id": 3897,
    "catalog_file_id": 128,
    "produit": "Coppa tranchée",
    "description": "Sous vide 100g",
    "prix": 3.93,
    "unite": 1,
    "image_filename": null
  },
  {
    "id": 3898,
    "catalog_file_id": 128,
    "produit": "Lomo séché tranché",
    "description": "Sous vide 100g",
    "prix": 3.93,
    "unite": 1,
    "image_filename": null
  },
  {
    "id": 3900,
    "catalog_file_id": 128,
    "produit": "Saucisson",
    "description": "190 g à 25,66 €/kg",
    "prix": 4.88,
    "unite": 1,
    "image_filename": null
  },
  {
    "id": 3901,
    "catalog_file_id": 128,
    "produit": "Boudin ",
    "description": "bocal 190 g ",
    "prix": 4.04,
    "unite": 1,
    "image_filename": null
  },
  {
    "id": 3902,
    "catalog_file_id": 128,
    "produit": "Pâté armagnac",
    "description": "bocal 190 g ",
    "prix": 4.15,
    "unite": 1,
    "image_filename": null
  },
  {
    "id": 3903,
    "catalog_file_id": 128,
    "produit": "Pâté de tête - Hure",
    "description": "bocal 190 g ",
    "prix": 4.15,
    "unite": 1,
    "image_filename": null
  },
  {
    "id": 3904,
    "catalog_file_id": 128,
    "produit": "Pâté campagne",
    "description": "bocal 190 g ",
    "prix": 4,
    "unite": 1,
    "image_filename": null
  },
  {
    "id": 3905,
    "catalog_file_id": 128,
    "produit": "Pâté piment",
    "description": "bocal 190 g ",
    "prix": 4.07,
    "unite": 1,
    "image_filename": null
  },
  {
    "id": 3906,
    "catalog_file_id": 128,
    "produit": "Rillettes",
    "description": "bocal 190 g ",
    "prix": 4.16,
    "unite": 1,
    "image_filename": null
  },
  {
    "id": 3907,
    "catalog_file_id": 128,
    "produit": "Lardons séchés La ferme d'Arracq",
    "description": "Sous vide environ 200 G \r\n ",
    "prix": 3.54,
    "unite": 1,
    "image_filename": null
  },
  {
    "id": 3908,
    "catalog_file_id": 128,
    "produit": "Chipolata par 5 La ferme d'Arracq",
    "description": "Sous vide environ 350 G ",
    "prix": 5.02,
    "unite": 1,
    "image_filename": null
  },
  {
    "id": 3909,
    "catalog_file_id": 127,
    "produit": "Longe entière sans os",
    "description": "Poids variable 6 kg à 12,50 €/kg",
    "prix": 75,
    "unite": 1,
    "image_filename": null
  },
  {
    "id": 3914,
    "catalog_file_id": 132,
    "produit": "canard entier a rotir_LABASTE ERIC_Unite_",
    "description": "Canard entier (comme décrit la description du catalogue)",
    "prix": 43,
    "unite": 1,
    "image_filename": null
  },
  {
    "id": 3915,
    "catalog_file_id": 76,
    "produit": "clementines",
    "description": "par 5 ou 10kg",
    "prix": 3,
    "unite": 1,
    "image_filename": null
  },
  {
    "id": 3916,
    "catalog_file_id": 76,
    "produit": "pamplemousses bio",
    "description": "par 4kg 4€ kg par 9 kg 3.50€kg ",
    "prix": 3.5,
    "unite": 1,
    "image_filename": null
  },
  {
    "id": 3917,
    "catalog_file_id": 76,
    "produit": "MIX agrumes bio ",
    "description": "2kg clementines 2kg oranges sanguines 1kg citrons j  1 kg pomelos total 6kg ",
    "prix": 18,
    "unite": 1,
    "image_filename": null
  },
  {
    "id": 3919,
    "catalog_file_id": 133,
    "produit": "pommes  ",
    "description": "sachet de 3kg ",
    "prix": 7.5,
    "unite": 1,
    "image_filename": null
  },
  {
    "id": 3920,
    "catalog_file_id": 133,
    "produit": "pommes ",
    "description": "sachet de 6kg ",
    "prix": 15,
    "unite": 1,
    "image_filename": null
  },
  {
    "id": 4002,
    "catalog_file_id": 138,
    "produit": "Bib Fruité Mûr",
    "description": "5 litres",
    "prix": 65,
    "unite": 1,
    "image_filename": null
  },
  {
    "id": 4003,
    "catalog_file_id": 138,
    "produit": "Bib Fruité vert",
    "description": "bib 5 litre",
    "prix": 65,
    "unite": 1,
    "image_filename": null
  },
  {
    "id": 4004,
    "catalog_file_id": 139,
    "produit": "Pain de Campagne Miche 2000 g",
    "description": "Gros pain de 2 kg, très longue cuisson.  ingrédients : Farine de Blé T80, levain de Seigle T170, eau, sel",
    "prix": 4.43,
    "unite": 1,
    "image_filename": null
  },
  {
    "id": 4005,
    "catalog_file_id": 139,
    "produit": "Pain de Khorasan en boule de 800 g",
    "description": "Farine de Blé dur ancien de variété Khorasan.  ingrédients : Farine de Khorasan \r\nLevain de Khorasan\r\neau, sel",
    "prix": 6.27,
    "unite": 1,
    "image_filename": null
  },
  {
    "id": 4006,
    "catalog_file_id": 139,
    "produit": "Pain de Campagne Moule Fermé 1500 g",
    "description": "Pain de Campagne cuit en moule fermé.\r\nIl a une forme parfaitement rectangulaire, et très peu de croûte ingrédients : Farine de Blé T80, levain de Seigle T170, eau, sel",
    "prix": 4.43,
    "unite": 1,
    "image_filename": null
  },
  {
    "id": 4007,
    "catalog_file_id": 139,
    "produit": "Pain aux graines Grand Moulé 1300g",
    "description": "Pain aux graines oléagineuses sur base de pain de campagne.  ingrédients : Farine de Blé T80, levain de Seigle T170, lin brun, lin doré, tournesol, sésame, pavot, eau, sel",
    "prix": 5.05,
    "unite": 1,
    "image_filename": null
  },
  {
    "id": 4008,
    "catalog_file_id": 139,
    "produit": "Pain aux graines Banneton 1000g",
    "description": "Pain façonné en banneton osier et cuit à même sur la sole du four. Une croûte profonde et mie ouverte. ingrédients : Farine de Blé T80, levain de Seigle T170, lin brun, lin doré, tournesol, sésame, pavot, eau, sel",
    "prix": 5.05,
    "unite": 1,
    "image_filename": null
  },
  {
    "id": 4009,
    "catalog_file_id": 139,
    "produit": "Pain Généreux Grand Moulé 1300g",
    "description": "Pain aux fruits sec et fruits à coque, enveloppé dans des flocons d'avoine. ingrédients : Farine de Blé T80, levain de Seigle T170, Noisettes, Abricots, raisins de corinthe, flocons d'avoines, graines de courge, eau, sel",
    "prix": 6.7,
    "unite": 1,
    "image_filename": null
  },
  {
    "id": 4010,
    "catalog_file_id": 139,
    "produit": "Pain aux graines Miche 2000 g",
    "description": "Gros pain de 2 kg, très longue cuisson.  ingrédients : Farine de Blé T80, levain de Seigle T170, lin brun, lin doré, tournesol, sésame, pavot, eau, sel",
    "prix": 5.05,
    "unite": 1,
    "image_filename": null
  },
  {
    "id": 4011,
    "catalog_file_id": 139,
    "produit": "Pain de Méteil en Boule 1000 g",
    "description": "Pain rustique mi blé mi seigle au levain de seigle ingrédients : Farine de Blé T80\r\nFarine de Seigle T70\r\neau, sel, levain de seigle",
    "prix": 4.91,
    "unite": 1,
    "image_filename": null
  },
  {
    "id": 4012,
    "catalog_file_id": 139,
    "produit": "Pain au Maïs en petit moules 500 g",
    "description": "Farine de Maïs Ancien Grand Roux Basque\r\nBlé et Graines de tournesol ingrédients : Farine de Maïs\r\nFarine de Blé T65\r\nLevain de Blé, eau, sel\r\nGraines de tournesol\r\nCurcuma",
    "prix": 3.69,
    "unite": 1,
    "image_filename": null
  },
  {
    "id": 4013,
    "catalog_file_id": 139,
    "produit": "Pain Complet Banneton 1000 g",
    "description": "Pain complet riche en fibres et minéraux, sans acide phytique grâce à la longue fermentation au levain. ingrédients : Pain complet riche en fibres et minéraux, sans acide phytique grâce à la longue fermentation au levain.",
    "prix": 4.59,
    "unite": 1,
    "image_filename": null
  },
  {
    "id": 4014,
    "catalog_file_id": 139,
    "produit": "Pain complet Grand Moulé 1300g",
    "description": "Pain complet riche en fibres et minéraux, sans acide phytique grâce à la longue fermentation au levain. ingrédients : Farine de Blé T80, Rémoulage, son fin,  levain de Seigle T170, eau, sel",
    "prix": 4.59,
    "unite": 1,
    "image_filename": null
  },
  {
    "id": 4015,
    "catalog_file_id": 139,
    "produit": "Pain Intégral Grand Moulé 1300 g",
    "description": "Pain au levain de seigle, réalisé avec l'intégralité du grain de blé.  Très riche en fibres et minéraux ingrédients : Farine de Blé T80, Rémoulage, son gros, son fin,  levain de Seigle T170, eau, sel",
    "prix": 4.59,
    "unite": 1,
    "image_filename": null
  },
  {
    "id": 4016,
    "catalog_file_id": 139,
    "produit": "1/2 Focaccia en plaque de 1600 g",
    "description": "Pâte levée italienne, largement bassinée à l'huile d'Olive, vendue en 1/2 plaque de 1600 g de 30cm x 40 cm ingrédients : Farine de Blé T65\r\nlevain dur de blé T55\r\neau, sel, huile d'olive, origan",
    "prix": 9.28,
    "unite": 1,
    "image_filename": null
  },
  {
    "id": 4017,
    "catalog_file_id": 139,
    "produit": "1/2 Focaccia Olives & Tomates",
    "description": "Base de pâte à Focaccia + Olives de kalamata, Tomates séchées, huile d'olive et origan ingrédients : Farine de Blé T65\r\nEau, sel, levain dur de blé T55, \r\nOlives de kalamata, Tomates",
    "prix": 18.4,
    "unite": 1,
    "image_filename": null
  },
  {
    "id": 4018,
    "catalog_file_id": 139,
    "produit": "Focaccia en plaque de 3200 g",
    "description": "Pâte levée italienne, largement bassinée à l'huile d'Olive, vendue en plaque de 3200 g de 60cm x 40 cm ingrédients : Farine de Blé T65\r\nlevain dur de blé T55\r\neau, sel, huile d'olive, origan",
    "prix": 18.57,
    "unite": 1,
    "image_filename": null
  },
  {
    "id": 4019,
    "catalog_file_id": 139,
    "produit": "Focaccia Olives & Tomates",
    "description": "Base de pâte à Focaccia + Olives de kalamata, Tomates séchées, huile d'olive et origan ingrédients : Farine de Blé T65\r\nEau, sel, levain dur de blé T55, \r\nOlives de kalamata, Tomates",
    "prix": 36.8,
    "unite": 1,
    "image_filename": null
  },
  {
    "id": 4020,
    "catalog_file_id": 139,
    "produit": "Pain aux Noix Grand Moulé 1300 g",
    "description": "Un pain aux noix concassées et réhydratées, sur la base du pain de Campagne.  ingrédients : Farine de Blé T80, levain de Seigle T170, Noix, eau, sel",
    "prix": 8.23,
    "unite": 1,
    "image_filename": null
  },
  {
    "id": 4021,
    "catalog_file_id": 139,
    "produit": "Petit Epeautre petit moule 500 g",
    "description": "Pain à la farine de Petit épeautre complet (engrain), et au levain de petit épeautre complet.\r\nTerroir AOP des Alpes de Haute Provence\r\nTrès riche en protéine et pauvre en gluten. ingrédients : Farine de Petit Epeautre complet\r\nlevain de Petit Epeautre, \r\neau, sel",
    "prix": 3.8,
    "unite": 1,
    "image_filename": null
  },
  {
    "id": 4022,
    "catalog_file_id": 139,
    "produit": "Petit Epeautre Grand  moule 1300 g",
    "description": "Pain à la farine de Petit épeautre complet (engrain), et au levain de petit épeautre complet.\r\nTerroir AOP des Alpes de Haute Provence\r\nTrès riche en protéine et pauvre en gluten. ingrédients : Farine de Petit Epeautre complet\r\nlevain de Petit Epeautre, \r\neau, sel",
    "prix": 8.02,
    "unite": 1,
    "image_filename": null
  },
  {
    "id": 4023,
    "catalog_file_id": 139,
    "produit": "Pain de Riz et Sorgho aux graines en petit moule 500 g",
    "description": "Base du pain de riz et Sorgho, \r\nMélange de graines oléagineuses\r\n ingrédients : Farine de Riz\r\nfarine de sorgho\r\neau, sel, levain, huile d'olive\r\n\r\nLin brun, lin doré, pavot, sésame, tournesol.",
    "prix": 4.91,
    "unite": 1,
    "image_filename": null
  },
  {
    "id": 4024,
    "catalog_file_id": 139,
    "produit": "Pain de Riz et Sorgho petit moule 500 g",
    "description": "Farines de Riz et de Sorgho, naturellement sans gluten, Huile d'olive. ingrédients : Farine de Riz\r\nFarine de Sorgho\r\nEau, sel, huile d'olive, levain et levure",
    "prix": 4.59,
    "unite": 1,
    "image_filename": null
  },
  {
    "id": 4025,
    "catalog_file_id": 139,
    "produit": "Brioche 450 g",
    "description": "Brioche au beurre Isigny Sainte Mère AOP et aux oeufs. Pas de lait ni d'eau. ingrédients : Farine de Blé T65, Levain de laitOeufs entiers, beurre Isigny St Mère, sucre de canne, sel, levure ",
    "prix": 6.18,
    "unite": 1,
    "image_filename": null
  },
  {
    "id": 4026,
    "catalog_file_id": 139,
    "produit": "Brioche 900 g",
    "description": "Brioche au beurre Isigny Sainte Mère AOP et aux oeufs. Pas de lait ni d'eau. ingrédients : Farine de Blé T65, \r\nLevain de lait\r\nOeufs entiers, beurre Isigny St Mère, \r\nsucre de canne, sel, levure ",
    "prix": 12.55,
    "unite": 1,
    "image_filename": null
  },
  {
    "id": 4027,
    "catalog_file_id": 139,
    "produit": "Roulé Cannelle 100 g",
    "description": "Sur une base de pain au lait, incorporation d'un beurre cannelle, puis tressage. ingrédients : Farine de Blé T65, lait, oeuf, beurre, sucre, sel, cannelle, levure",
    "prix": 1.69,
    "unite": 1,
    "image_filename": null
  },
  {
    "id": 4028,
    "catalog_file_id": 139,
    "produit": "Brioche Provençale \"Pompe à l'huile\"",
    "description": "Brioche sans beurre ni œuf, dessert traditionnel du diner des apôtres,\r\nNaturellement Vegan ingrédients : Farine de Blé T65\r\nLevain de Blé\r\nEau, sel, levure\r\nHuile d'Olive",
    "prix": 1.58,
    "unite": 1,
    "image_filename": null
  },
  {
    "id": 4029,
    "catalog_file_id": 139,
    "produit": "Bun's Brioché",
    "description": "Pain à Hamburger brioché aux œufs, beurre ingrédients : Farine T65, oeufs, beurre, lait, eau,  œuf, pâte fermentée, levure, sel",
    "prix": 1.06,
    "unite": 1,
    "image_filename": null
  },
  {
    "id": 4030,
    "catalog_file_id": 139,
    "produit": "Cookies Noix-Noisettes-Chocolat",
    "description": "Cookies de 70 g\r\nGénéreusement garni de Noix, Noisettes et Chocolat ingrédients : Farine de Blé T65,\r\nOeufs entier, Beurre Isisgny Ste Mère, Sucre de Canne, \r\nNoix, Noisettes, Chocolat noir 66%\r\nsel, poudre levante",
    "prix": 1,
    "unite": 1,
    "image_filename": null
  },
  {
    "id": 4031,
    "catalog_file_id": 139,
    "produit": "Canistrellis",
    "description": "Biscuits de tradition Corse, à l'anis, huile d'olive et vin blanc ingrédients : Farine de Blé T65,\r\nhuile d'olive, vin blanc, sucre, sel, graines d'anis, poudre levante",
    "prix": 15.56,
    "unite": 1,
    "image_filename": null
  },
  {
    "id": 4032,
    "catalog_file_id": 139,
    "produit": "Brownie",
    "description": "Brownie aux Noix et chocolat noir 66% ingrédients : Farine de Blé T65\r\n Beurre Isigny St Mère, Œuf entier, sucre, noix, sel, poudre levante",
    "prix": 2.69,
    "unite": 1,
    "image_filename": null
  },
  {
    "id": 4033,
    "catalog_file_id": 139,
    "produit": "Cake au citron",
    "description": "Pour les amoureux du citron !\r\nZest de citron, jus de citron, citron confit, sirop de citron. ingrédients : Farine de Blé T65,\r\nCitron jaune\r\nSucre de canne, Œuf entier, beurre Isigny Ste Mère, amidon de Maïs, sel ",
    "prix": 7.91,
    "unite": 1,
    "image_filename": null
  },
  {
    "id": 4034,
    "catalog_file_id": 139,
    "produit": "Pain de Campagne Grand Moulé 1300g",
    "description": "Pain de Campagne cuit en moule rectangulaire. ingrédients : Farine de Blé T80, levain de Seigle T170, eau, sel",
    "prix": 4.43,
    "unite": 1,
    "image_filename": null
  },
  {
    "id": 4035,
    "catalog_file_id": 139,
    "produit": "Pain de Campagne Banneton 1000 g",
    "description": "Pain façonné en banneton osier et cuit à même sur la sole du four. Une croûte profonde et mie ouverte. ingrédients : Farine de Blé T80, levain de Seigle T170, eau, sel",
    "prix": 4.43,
    "unite": 1,
    "image_filename": null
  },
  {
    "id": 4036,
    "catalog_file_id": 139,
    "produit": "Pain de Campagne Grand Moulé 1500g",
    "description": "Pain de Campagne cuit en moule rectangulaire. ingrédients : Farine de Blé T80, levain de Seigle T170, eau, sel",
    "prix": 4.43,
    "unite": 1,
    "image_filename": null
  },
  {
    "id": 4037,
    "catalog_file_id": 139,
    "produit": "Sechskornbröt Petit moulé 500 g",
    "description": "Farine de Seigle Complet Blé semi complet Levain de seigle Sel et eau Tournesol, flocon d'avoine, lin brun, lin doré, graines de courge",
    "prix": 2.95,
    "unite": 1,
    "image_filename": null
  },
  {
    "id": 4038,
    "catalog_file_id": 140,
    "produit": "Pain aux graines Miche 2000 g",
    "description": "Gros pain de 2 kg, très longue cuisson.  ingrédients : Farine de Blé T80, levain de Seigle T170, lin brun, lin doré, tournesol, sésame, pavot, eau, sel",
    "prix": 5.05,
    "unite": 1,
    "image_filename": null
  },
  {
    "id": 4039,
    "catalog_file_id": 140,
    "produit": "Pain de Campagne Miche 2000 g",
    "description": "Gros pain de 2 kg, très longue cuisson.  ingrédients : Farine de Blé T80, levain de Seigle T170, eau, sel",
    "prix": 4.43,
    "unite": 1,
    "image_filename": null
  },
  {
    "id": 4040,
    "catalog_file_id": 140,
    "produit": "Petit Epeautre petit moule 500 g",
    "description": "Pain à la farine de Petit épeautre complet (engrain), et au levain de petit épeautre complet.\r\nTerroir AOP des Alpes de Haute Provence\r\nTrès riche en protéine et pauvre en gluten. ingrédients : Farine de Petit Epeautre complet\r\nlevain de Petit Epeautre, \r\neau, sel",
    "prix": 3.8,
    "unite": 1,
    "image_filename": null
  },
  {
    "id": 4041,
    "catalog_file_id": 140,
    "produit": "Pain de Campagne Moule Fermé 1500 g",
    "description": "Pain de Campagne cuit en moule fermé.\r\nIl a une forme parfaitement rectangulaire, et très peu de croûte ingrédients : Farine de Blé T80, levain de Seigle T170, eau, sel",
    "prix": 4.43,
    "unite": 1,
    "image_filename": null
  },
  {
    "id": 4042,
    "catalog_file_id": 140,
    "produit": "Pain complet Grand Moulé 1300g",
    "description": "Pain complet riche en fibres et minéraux, sans acide phytique grâce à la longue fermentation au levain. ingrédients : Farine de Blé T80, Rémoulage, son fin,  levain de Seigle T170, eau, sel",
    "prix": 4.59,
    "unite": 1,
    "image_filename": null
  },
  {
    "id": 4043,
    "catalog_file_id": 140,
    "produit": "Pain de Riz et Sorgho petit moule 500 g",
    "description": "Farines de Riz et de Sorgho, naturellement sans gluten, Huile d'olive. ingrédients : Farine de Riz\r\nFarine de Sorgho\r\nEau, sel, huile d'olive, levain et levure",
    "prix": 4.59,
    "unite": 1,
    "image_filename": null
  },
  {
    "id": 4044,
    "catalog_file_id": 140,
    "produit": "Petit Epeautre Grand  moule 1300 g",
    "description": "Pain à la farine de Petit épeautre complet (engrain), et au levain de petit épeautre complet.\r\nTerroir AOP des Alpes de Haute Provence\r\nTrès riche en protéine et pauvre en gluten. ingrédients : Farine de Petit Epeautre complet\r\nlevain de Petit Epeautre, \r\neau, sel",
    "prix": 8.02,
    "unite": 1,
    "image_filename": null
  },
  {
    "id": 4045,
    "catalog_file_id": 140,
    "produit": "Pain aux graines Banneton 1000g",
    "description": "Pain façonné en banneton osier et cuit à même sur la sole du four. Une croûte profonde et mie ouverte. ingrédients : Farine de Blé T80, levain de Seigle T170, lin brun, lin doré, tournesol, sésame, pavot, eau, sel",
    "prix": 5.05,
    "unite": 1,
    "image_filename": null
  },
  {
    "id": 4046,
    "catalog_file_id": 140,
    "produit": "Pain Généreux Grand Moulé 1300g",
    "description": "Pain aux fruits sec et fruits à coque, enveloppé dans des flocons d'avoine. ingrédients : Farine de Blé T80, levain de Seigle T170, Noisettes, Abricots, raisins de corinthe, flocons d'avoines, graines de courge, eau, sel",
    "prix": 6.7,
    "unite": 1,
    "image_filename": null
  },
  {
    "id": 4047,
    "catalog_file_id": 140,
    "produit": "Pain aux Noix Grand Moulé 1300 g",
    "description": "Un pain aux noix concassées et réhydratées, sur la base du pain de Campagne.  ingrédients : Farine de Blé T80, levain de Seigle T170, Noix, eau, sel",
    "prix": 8.23,
    "unite": 1,
    "image_filename": null
  },
  {
    "id": 4048,
    "catalog_file_id": 140,
    "produit": "Pain Complet Banneton 1000 g",
    "description": "Pain complet riche en fibres et minéraux, sans acide phytique grâce à la longue fermentation au levain. ingrédients : Pain complet riche en fibres et minéraux, sans acide phytique grâce à la longue fermentation au levain.",
    "prix": 4.59,
    "unite": 1,
    "image_filename": null
  },
  {
    "id": 4049,
    "catalog_file_id": 140,
    "produit": "Pain au Maïs en petit moules 500 g",
    "description": "Farine de Maïs Ancien Grand Roux Basque\r\nBlé et Graines de tournesol ingrédients : Farine de Maïs\r\nFarine de Blé T65\r\nLevain de Blé, eau, sel\r\nGraines de tournesol\r\nCurcuma",
    "prix": 3.69,
    "unite": 1,
    "image_filename": null
  },
  {
    "id": 4050,
    "catalog_file_id": 140,
    "produit": "Pain Intégral Grand Moulé 1300 g",
    "description": "Pain au levain de seigle, réalisé avec l'intégralité du grain de blé.  Très riche en fibres et minéraux ingrédients : Farine de Blé T80, Rémoulage, son gros, son fin,  levain de Seigle T170, eau, sel",
    "prix": 4.59,
    "unite": 1,
    "image_filename": null
  },
  {
    "id": 4051,
    "catalog_file_id": 140,
    "produit": "Pain de Riz et Sorgho aux graines en petit moule 500 g",
    "description": "Base du pain de riz et Sorgho, \r\nMélange de graines oléagineuses\r\n ingrédients : Farine de Riz\r\nfarine de sorgho\r\neau, sel, levain, huile d'olive\r\n\r\nLin brun, lin doré, pavot, sésame, tournesol.",
    "prix": 4.91,
    "unite": 1,
    "image_filename": null
  },
  {
    "id": 4052,
    "catalog_file_id": 140,
    "produit": "Brioche 900 g",
    "description": "Brioche au beurre Isigny Sainte Mère AOP et aux oeufs. Pas de lait ni d'eau. ingrédients : Farine de Blé T65, \r\nLevain de lait\r\nOeufs entiers, beurre Isigny St Mère, \r\nsucre de canne, sel, levure ",
    "prix": 12.55,
    "unite": 1,
    "image_filename": null
  },
  {
    "id": 4053,
    "catalog_file_id": 140,
    "produit": "Brioche 450 g",
    "description": "Brioche au beurre Isigny Sainte Mère AOP et aux oeufs. Pas de lait ni d'eau. ingrédients : Farine de Blé T65, Levain de laitOeufs entiers, beurre Isigny St Mère, sucre de canne, sel, levure ",
    "prix": 6.18,
    "unite": 1,
    "image_filename": null
  },
  {
    "id": 4054,
    "catalog_file_id": 140,
    "produit": "Shokupan 500 g",
    "description": "Pain de Mie de tradition Japonaise réalisée sur 3 pâtes et au levain de Panettone. \r\nConservation exceptionnelle de 10 jours sous film.\r\n10cm x 10cm x 19 cm ingrédients : Farine de Blé T55,\r\nLevain de Panettone\r\nLait, eau, sucre de canne, beurre isigny sainte mère,\r\nsel",
    "prix": 4.85,
    "unite": 1,
    "image_filename": null
  },
  {
    "id": 4055,
    "catalog_file_id": 140,
    "produit": "Roulé Cannelle 100 g",
    "description": "Sur une base de pain au lait, incorporation d'un beurre cannelle, puis tressage. ingrédients : Farine de Blé T65, lait, oeuf, beurre, sucre, sel, cannelle, levure",
    "prix": 1.69,
    "unite": 1,
    "image_filename": null
  },
  {
    "id": 4056,
    "catalog_file_id": 140,
    "produit": "Brioche Provençale \"Pompe à l'huile\"",
    "description": "Brioche sans beurre ni œuf, dessert traditionnel du diner des apôtres,\r\nNaturellement Vegan ingrédients : Farine de Blé T65\r\nLevain de Blé\r\nEau, sel, levure\r\nHuile d'Olive",
    "prix": 1.58,
    "unite": 1,
    "image_filename": null
  },
  {
    "id": 4057,
    "catalog_file_id": 140,
    "produit": "Shokupan 1400 g",
    "description": "Pain de Mie de tradition Japonaise réalisée sur 3 pâtes et au levain de Panettone. \r\nConservation exceptionnelle de 10 jours sous film.\r\n11cm x 11cm x 36 cm ingrédients : Farine de Blé T55,\r\nLevain de Panettone\r\nLait, eau, sucre de canne, beurre isigny sainte mère,\r\nsel",
    "prix": 11.92,
    "unite": 1,
    "image_filename": null
  },
  {
    "id": 4058,
    "catalog_file_id": 140,
    "produit": "Crackers",
    "description": "Crackers au levain de seigle et graines oléagineuses, huile d'olive, origan ingrédients : Farine de Blé T80\r\nFarine de Seigle T170\r\neau, sel, Lin Brun, Lin doré, Pavot, Sésame , Tournesol, Huile d'Olive, Origan",
    "prix": 15.09,
    "unite": 1,
    "image_filename": null
  },
  {
    "id": 4059,
    "catalog_file_id": 140,
    "produit": "Cookies Noix-Noisettes-Chocolat",
    "description": "Cookies de 70 g\r\nGénéreusement garni de Noix, Noisettes et Chocolat ingrédients : Farine de Blé T65,\r\nOeufs entier, Beurre Isisgny Ste Mère, Sucre de Canne, \r\nNoix, Noisettes, Chocolat noir 66%\r\nsel, poudre levante",
    "prix": 1,
    "unite": 1,
    "image_filename": null
  },
  {
    "id": 4060,
    "catalog_file_id": 140,
    "produit": "Canistrellis",
    "description": "Biscuits de tradition Corse, à l'anis, huile d'olive et vin blanc ingrédients : Farine de Blé T65,\r\nhuile d'olive, vin blanc, sucre, sel, graines d'anis, poudre levante",
    "prix": 15.56,
    "unite": 1,
    "image_filename": null
  },
  {
    "id": 4061,
    "catalog_file_id": 140,
    "produit": "Brownie",
    "description": "Brownie aux Noix et chocolat noir 66% ingrédients : Farine de Blé T65\r\n Beurre Isigny St Mère, Œuf entier, sucre, noix, sel, poudre levante",
    "prix": 2.69,
    "unite": 1,
    "image_filename": null
  },
  {
    "id": 4062,
    "catalog_file_id": 140,
    "produit": "Cake au citron",
    "description": "Pour les amoureux du citron !\r\nZest de citron, jus de citron, citron confit, sirop de citron. ingrédients : Farine de Blé T65,\r\nCitron jaune\r\nSucre de canne, Œuf entier, beurre Isigny Ste Mère, amidon de Maïs, sel ",
    "prix": 7.91,
    "unite": 1,
    "image_filename": null
  },
  {
    "id": 4063,
    "catalog_file_id": 140,
    "produit": "Pain de Campagne Grand Moulé 1300g",
    "description": "Pain de Campagne cuit en moule rectangulaire. ingrédients : Farine de Blé T80, levain de Seigle T170, eau, sel",
    "prix": 4.43,
    "unite": 1,
    "image_filename": null
  },
  {
    "id": 4064,
    "catalog_file_id": 140,
    "produit": "Pain de Campagne Banneton 1000 g",
    "description": "Pain façonné en banneton osier et cuit à même sur la sole du four. Une croûte profonde et mie ouverte. ingrédients : Farine de Blé T80, levain de Seigle T170, eau, sel",
    "prix": 4.43,
    "unite": 1,
    "image_filename": null
  },
  {
    "id": 4065,
    "catalog_file_id": 140,
    "produit": "Pain de Campagne Grand Moulé 1500g",
    "description": "Pain de Campagne cuit en moule rectangulaire. ingrédients : Farine de Blé T80, levain de Seigle T170, eau, sel",
    "prix": 4.43,
    "unite": 1,
    "image_filename": null
  },
  {
    "id": 4066,
    "catalog_file_id": 140,
    "produit": "Sechskornbröt Petit moulé 500 g",
    "description": "Farine de Seigle Complet Blé semi complet Levain de seigle Sel et eau Tournesol, flocon d'avoine, lin brun, lin doré, graines de courge",
    "prix": 2.95,
    "unite": 1,
    "image_filename": null
  },
  {
    "id": 4067,
    "catalog_file_id": 140,
    "produit": "Pain aux graines Grand Moulé 1300g",
    "description": "Pain aux graines oléagineuses sur base de pain de campagne.  ingrédients : Farine de Blé T80, levain de Seigle T170, lin brun, lin doré, tournesol, sésame, pavot, eau, sel",
    "prix": 5.05,
    "unite": 1,
    "image_filename": null
  },
  {
    "id": 4074,
    "catalog_file_id": 142,
    "produit": "Steak haché surgelé (12)",
    "description": "12 SH à 19,80 LE KG",
    "prix": 29.7,
    "unite": 1,
    "image_filename": null
  },
  {
    "id": 4075,
    "catalog_file_id": 142,
    "produit": "colis boeuf",
    "description": "colis 6,500 à 7KG environ prix 19,80 € / KG  \r\n- partie fixe (entrecôte, faux filet, rôti, rumsteak )\r\n- partie au choix 3 KG  à préciser  ( bourguignon ou/et jarret ou/et merguez ou/et steaks hachés surgelés)",
    "prix": 130,
    "unite": 1,
    "image_filename": null
  },
  {
    "id": 4076,
    "catalog_file_id": 142,
    "produit": "Colis de veau",
    "description": "colis environ 5,500 KG prix 20,30 € / kg\r\nrôti, côtes filets, côtes découvertes, escalopes, poitrine, sauté, saucisse pur veau",
    "prix": 110,
    "unite": 1,
    "image_filename": null
  },
  {
    "id": 4077,
    "catalog_file_id": 142,
    "produit": "axoa de veau au piment d'Espelette",
    "description": "bocal de 750 g",
    "prix": 15,
    "unite": 1,
    "image_filename": null
  },
  {
    "id": 4078,
    "catalog_file_id": 142,
    "produit": "daube de boeuf",
    "description": "bocal de 750 g",
    "prix": 15,
    "unite": 1,
    "image_filename": null
  },
  {
    "id": 4079,
    "catalog_file_id": 142,
    "produit": "blanquette de veau",
    "description": "bocal de 750 g",
    "prix": 15,
    "unite": 1,
    "image_filename": null
  },
  {
    "id": 4080,
    "catalog_file_id": 143,
    "produit": "paquet de 2 cuisses de poulet",
    "description": "8,70 €/kg   400g",
    "prix": 3.48,
    "unite": 1,
    "image_filename": null
  },
  {
    "id": 4081,
    "catalog_file_id": 143,
    "produit": "poulet entier (moyen)",
    "description": "7,50 €/KG    pour 1kg700",
    "prix": 12.75,
    "unite": 1,
    "image_filename": null
  },
  {
    "id": 4082,
    "catalog_file_id": 143,
    "produit": "Coquelet ",
    "description": "8,10 €/kg    pour 850 g",
    "prix": 6.88,
    "unite": 1,
    "image_filename": null
  },
  {
    "id": 4083,
    "catalog_file_id": 143,
    "produit": "pintade",
    "description": "9 €/kg   pour 1kg500",
    "prix": 13.5,
    "unite": 1,
    "image_filename": null
  },
  {
    "id": 4084,
    "catalog_file_id": 143,
    "produit": "Ailes de poulets",
    "description": "Paquet de 6 ailes",
    "prix": 4.8,
    "unite": 1,
    "image_filename": null
  },
  {
    "id": 4123,
    "catalog_file_id": 147,
    "produit": "Pain de Campagne Miche 2000 g",
    "description": "Gros pain de 2 kg, très longue cuisson.  ingrédients : Farine de Blé T80, levain de Seigle T170, eau, sel",
    "prix": 4.43,
    "unite": 1,
    "image_filename": null
  },
  {
    "id": 4124,
    "catalog_file_id": 147,
    "produit": "Pain de Campagne Moule Fermé 1500 g",
    "description": "Pain de Campagne cuit en moule fermé.\r\nIl a une forme parfaitement rectangulaire, et très peu de croûte ingrédients : Farine de Blé T80, levain de Seigle T170, eau, sel",
    "prix": 4.43,
    "unite": 1,
    "image_filename": null
  },
  {
    "id": 4125,
    "catalog_file_id": 147,
    "produit": "Pain de Khorasan en boule de 800 g",
    "description": "Farine de Blé dur ancien de variété Khorasan.  ingrédients : Farine de Khorasan \r\nLevain de Khorasan\r\neau, sel",
    "prix": 6.27,
    "unite": 1,
    "image_filename": null
  },
  {
    "id": 4126,
    "catalog_file_id": 147,
    "produit": "Pain complet Grand Moulé 1300g",
    "description": "Pain complet riche en fibres et minéraux, sans acide phytique grâce à la longue fermentation au levain. ingrédients : Farine de Blé T80, Rémoulage, son fin,  levain de Seigle T170, eau, sel",
    "prix": 4.59,
    "unite": 1,
    "image_filename": null
  },
  {
    "id": 4127,
    "catalog_file_id": 147,
    "produit": "Pain Intégral Grand Moulé 1300 g",
    "description": "Pain au levain de seigle, réalisé avec l'intégralité du grain de blé.  Très riche en fibres et minéraux ingrédients : Farine de Blé T80, Rémoulage, son gros, son fin,  levain de Seigle T170, eau, sel",
    "prix": 4.59,
    "unite": 1,
    "image_filename": null
  },
  {
    "id": 4128,
    "catalog_file_id": 147,
    "produit": "1/2 Focaccia en plaque de 1600 g",
    "description": "Pâte levée italienne, largement bassinée à l'huile d'Olive, vendue en 1/2 plaque de 1600 g de 30cm x 40 cm ingrédients : Farine de Blé T65\r\nlevain dur de blé T55\r\neau, sel, huile d'olive, origan",
    "prix": 9.28,
    "unite": 1,
    "image_filename": null
  },
  {
    "id": 4129,
    "catalog_file_id": 147,
    "produit": "1/2 Focaccia Olives & Tomates",
    "description": "Base de pâte à Focaccia + Olives de kalamata, Tomates séchées, huile d'olive et origan ingrédients : Farine de Blé T65\r\nEau, sel, levain dur de blé T55, \r\nOlives de kalamata, Tomates",
    "prix": 18.4,
    "unite": 1,
    "image_filename": null
  },
  {
    "id": 4130,
    "catalog_file_id": 147,
    "produit": "Focaccia en plaque de 3200 g",
    "description": "Pâte levée italienne, largement bassinée à l'huile d'Olive, vendue en plaque de 3200 g de 60cm x 40 cm ingrédients : Farine de Blé T65\r\nlevain dur de blé T55\r\neau, sel, huile d'olive, origan",
    "prix": 18.57,
    "unite": 1,
    "image_filename": null
  },
  {
    "id": 4131,
    "catalog_file_id": 147,
    "produit": "Focaccia Olives & Tomates",
    "description": "Base de pâte à Focaccia + Olives de kalamata, Tomates séchées, huile d'olive et origan ingrédients : Farine de Blé T65\r\nEau, sel, levain dur de blé T55, \r\nOlives de kalamata, Tomates",
    "prix": 36.8,
    "unite": 1,
    "image_filename": null
  },
  {
    "id": 4132,
    "catalog_file_id": 147,
    "produit": "Pain aux Noix Grand Moulé 1300 g",
    "description": "Un pain aux noix concassées et réhydratées, sur la base du pain de Campagne.  ingrédients : Farine de Blé T80, levain de Seigle T170, Noix, eau, sel",
    "prix": 8.23,
    "unite": 1,
    "image_filename": null
  },
  {
    "id": 4133,
    "catalog_file_id": 147,
    "produit": "Petit Epeautre petit moule 500 g",
    "description": "Pain à la farine de Petit épeautre complet (engrain), et au levain de petit épeautre complet.\r\nTerroir AOP des Alpes de Haute Provence\r\nTrès riche en protéine et pauvre en gluten. ingrédients : Farine de Petit Epeautre complet\r\nlevain de Petit Epeautre, \r\neau, sel",
    "prix": 3.8,
    "unite": 1,
    "image_filename": null
  },
  {
    "id": 4134,
    "catalog_file_id": 147,
    "produit": "Petit Epeautre Grand  moule 1300 g",
    "description": "Pain à la farine de Petit épeautre complet (engrain), et au levain de petit épeautre complet.\r\nTerroir AOP des Alpes de Haute Provence\r\nTrès riche en protéine et pauvre en gluten. ingrédients : Farine de Petit Epeautre complet\r\nlevain de Petit Epeautre, \r\neau, sel",
    "prix": 8.02,
    "unite": 1,
    "image_filename": null
  },
  {
    "id": 4135,
    "catalog_file_id": 147,
    "produit": "Pain aux graines Banneton 1000g",
    "description": "Pain façonné en banneton osier et cuit à même sur la sole du four. Une croûte profonde et mie ouverte. ingrédients : Farine de Blé T80, levain de Seigle T170, lin brun, lin doré, tournesol, sésame, pavot, eau, sel",
    "prix": 5.05,
    "unite": 1,
    "image_filename": null
  },
  {
    "id": 4136,
    "catalog_file_id": 147,
    "produit": "Pain aux graines Grand Moulé 1300g",
    "description": "Pain aux graines oléagineuses sur base de pain de campagne.  ingrédients : Farine de Blé T80, levain de Seigle T170, lin brun, lin doré, tournesol, sésame, pavot, eau, sel",
    "prix": 5.05,
    "unite": 1,
    "image_filename": null
  },
  {
    "id": 4137,
    "catalog_file_id": 147,
    "produit": "Pain Généreux Grand Moulé 1300g",
    "description": "Pain aux fruits sec et fruits à coque, enveloppé dans des flocons d'avoine. ingrédients : Farine de Blé T80, levain de Seigle T170, Noisettes, Abricots, raisins de corinthe, flocons d'avoines, graines de courge, eau, sel",
    "prix": 6.7,
    "unite": 1,
    "image_filename": null
  },
  {
    "id": 4138,
    "catalog_file_id": 147,
    "produit": "Pain aux graines Miche 2000 g",
    "description": "Gros pain de 2 kg, très longue cuisson.  ingrédients : Farine de Blé T80, levain de Seigle T170, lin brun, lin doré, tournesol, sésame, pavot, eau, sel",
    "prix": 5.05,
    "unite": 1,
    "image_filename": null
  },
  {
    "id": 4139,
    "catalog_file_id": 147,
    "produit": "Pain de Méteil en Boule 1000 g",
    "description": "Pain rustique mi blé mi seigle au levain de seigle ingrédients : Farine de Blé T80\r\nFarine de Seigle T70\r\neau, sel, levain de seigle",
    "prix": 4.91,
    "unite": 1,
    "image_filename": null
  },
  {
    "id": 4140,
    "catalog_file_id": 147,
    "produit": "Pain au Maïs en petit moules 500 g",
    "description": "Farine de Maïs Ancien Grand Roux Basque\r\nBlé et Graines de tournesol ingrédients : Farine de Maïs\r\nFarine de Blé T65\r\nLevain de Blé, eau, sel\r\nGraines de tournesol\r\nCurcuma",
    "prix": 3.69,
    "unite": 1,
    "image_filename": null
  },
  {
    "id": 4141,
    "catalog_file_id": 147,
    "produit": "Pain Complet Banneton 1000 g",
    "description": "Pain complet riche en fibres et minéraux, sans acide phytique grâce à la longue fermentation au levain. ingrédients : Pain complet riche en fibres et minéraux, sans acide phytique grâce à la longue fermentation au levain.",
    "prix": 4.59,
    "unite": 1,
    "image_filename": null
  },
  {
    "id": 4142,
    "catalog_file_id": 147,
    "produit": "Pain de Riz et Sorgho aux graines en petit moule 500 g",
    "description": "Base du pain de riz et Sorgho, \r\nMélange de graines oléagineuses\r\n ingrédients : Farine de Riz\r\nfarine de sorgho\r\neau, sel, levain, huile d'olive\r\n\r\nLin brun, lin doré, pavot, sésame, tournesol.",
    "prix": 4.91,
    "unite": 1,
    "image_filename": null
  },
  {
    "id": 4143,
    "catalog_file_id": 147,
    "produit": "Pain de Riz et Sorgho petit moule 500 g",
    "description": "Farines de Riz et de Sorgho, naturellement sans gluten, Huile d'olive. ingrédients : Farine de Riz\r\nFarine de Sorgho\r\nEau, sel, huile d'olive, levain et levure",
    "prix": 4.59,
    "unite": 1,
    "image_filename": null
  },
  {
    "id": 4144,
    "catalog_file_id": 147,
    "produit": "Brioche 450 g",
    "description": "Brioche au beurre Isigny Sainte Mère AOP et aux oeufs. Pas de lait ni d'eau. ingrédients : Farine de Blé T65, Levain de laitOeufs entiers, beurre Isigny St Mère, sucre de canne, sel, levure ",
    "prix": 6.18,
    "unite": 1,
    "image_filename": null
  },
  {
    "id": 4145,
    "catalog_file_id": 147,
    "produit": "Brioche 900 g",
    "description": "Brioche au beurre Isigny Sainte Mère AOP et aux oeufs. Pas de lait ni d'eau. ingrédients : Farine de Blé T65, \r\nLevain de lait\r\nOeufs entiers, beurre Isigny St Mère, \r\nsucre de canne, sel, levure ",
    "prix": 12.55,
    "unite": 1,
    "image_filename": null
  },
  {
    "id": 4146,
    "catalog_file_id": 147,
    "produit": "Roulé Cannelle 100 g",
    "description": "Sur une base de pain au lait, incorporation d'un beurre cannelle, puis tressage. ingrédients : Farine de Blé T65, lait, oeuf, beurre, sucre, sel, cannelle, levure",
    "prix": 1.69,
    "unite": 1,
    "image_filename": null
  },
  {
    "id": 4147,
    "catalog_file_id": 147,
    "produit": "Brioche Provençale \"Pompe à l'huile\"",
    "description": "Brioche sans beurre ni œuf, dessert traditionnel du diner des apôtres,\r\nNaturellement Vegan ingrédients : Farine de Blé T65\r\nLevain de Blé\r\nEau, sel, levure\r\nHuile d'Olive",
    "prix": 1.58,
    "unite": 1,
    "image_filename": null
  },
  {
    "id": 4148,
    "catalog_file_id": 147,
    "produit": "Bun's Brioché",
    "description": "Pain à Hamburger brioché aux œufs, beurre ingrédients : Farine T65, oeufs, beurre, lait, eau,  œuf, pâte fermentée, levure, sel",
    "prix": 1.06,
    "unite": 1,
    "image_filename": null
  },
  {
    "id": 4149,
    "catalog_file_id": 147,
    "produit": "Cookies Noix-Noisettes-Chocolat",
    "description": "Cookies de 70 g\r\nGénéreusement garni de Noix, Noisettes et Chocolat ingrédients : Farine de Blé T65,\r\nOeufs entier, Beurre Isisgny Ste Mère, Sucre de Canne, \r\nNoix, Noisettes, Chocolat noir 66%\r\nsel, poudre levante",
    "prix": 1,
    "unite": 1,
    "image_filename": null
  },
  {
    "id": 4150,
    "catalog_file_id": 147,
    "produit": "Canistrellis",
    "description": "Biscuits de tradition Corse, à l'anis, huile d'olive et vin blanc ingrédients : Farine de Blé T65,\r\nhuile d'olive, vin blanc, sucre, sel, graines d'anis, poudre levante",
    "prix": 15.56,
    "unite": 1,
    "image_filename": null
  },
  {
    "id": 4151,
    "catalog_file_id": 147,
    "produit": "Brownie",
    "description": "Brownie aux Noix et chocolat noir 66% ingrédients : Farine de Blé T65\r\n Beurre Isigny St Mère, Œuf entier, sucre, noix, sel, poudre levante",
    "prix": 2.69,
    "unite": 1,
    "image_filename": null
  },
  {
    "id": 4152,
    "catalog_file_id": 147,
    "produit": "Cake au citron",
    "description": "Pour les amoureux du citron !\r\nZest de citron, jus de citron, citron confit, sirop de citron. ingrédients : Farine de Blé T65,\r\nCitron jaune\r\nSucre de canne, Œuf entier, beurre Isigny Ste Mère, amidon de Maïs, sel ",
    "prix": 7.91,
    "unite": 1,
    "image_filename": null
  },
  {
    "id": 4153,
    "catalog_file_id": 147,
    "produit": "Pain de Campagne Grand Moulé 1300g",
    "description": "Pain de Campagne cuit en moule rectangulaire. ingrédients : Farine de Blé T80, levain de Seigle T170, eau, sel",
    "prix": 4.43,
    "unite": 1,
    "image_filename": null
  },
  {
    "id": 4154,
    "catalog_file_id": 147,
    "produit": "Pain de Campagne Banneton 1000 g",
    "description": "Pain façonné en banneton osier et cuit à même sur la sole du four. Une croûte profonde et mie ouverte. ingrédients : Farine de Blé T80, levain de Seigle T170, eau, sel",
    "prix": 4.43,
    "unite": 1,
    "image_filename": null
  },
  {
    "id": 4155,
    "catalog_file_id": 147,
    "produit": "Pain de Campagne Grand Moulé 1500g",
    "description": "Pain de Campagne cuit en moule rectangulaire. ingrédients : Farine de Blé T80, levain de Seigle T170, eau, sel",
    "prix": 4.43,
    "unite": 1,
    "image_filename": null
  },
  {
    "id": 4156,
    "catalog_file_id": 147,
    "produit": "Sechskornbröt Petit moulé 500 g",
    "description": "Farine de Seigle Complet Blé semi complet Levain de seigle Sel et eau Tournesol, flocon d'avoine, lin brun, lin doré, graines de courge",
    "prix": 2.95,
    "unite": 1,
    "image_filename": null
  },
  {
    "id": 4157,
    "catalog_file_id": 148,
    "produit": "Pain aux graines Miche 2000 g",
    "description": "Gros pain de 2 kg, très longue cuisson.  ingrédients : Farine de Blé T80, levain de Seigle T170, lin brun, lin doré, tournesol, sésame, pavot, eau, sel",
    "prix": 5.05,
    "unite": 1,
    "image_filename": null
  },
  {
    "id": 4158,
    "catalog_file_id": 148,
    "produit": "Pain de Campagne Miche 2000 g",
    "description": "Gros pain de 2 kg, très longue cuisson.  ingrédients : Farine de Blé T80, levain de Seigle T170, eau, sel",
    "prix": 4.43,
    "unite": 1,
    "image_filename": null
  },
  {
    "id": 4159,
    "catalog_file_id": 148,
    "produit": "Pain de Campagne Moule Fermé 1500 g",
    "description": "Pain de Campagne cuit en moule fermé.\r\nIl a une forme parfaitement rectangulaire, et très peu de croûte ingrédients : Farine de Blé T80, levain de Seigle T170, eau, sel",
    "prix": 4.43,
    "unite": 1,
    "image_filename": null
  },
  {
    "id": 4160,
    "catalog_file_id": 148,
    "produit": "Petit Epeautre petit moule 500 g",
    "description": "Pain à la farine de Petit épeautre complet (engrain), et au levain de petit épeautre complet.\r\nTerroir AOP des Alpes de Haute Provence\r\nTrès riche en protéine et pauvre en gluten. ingrédients : Farine de Petit Epeautre complet\r\nlevain de Petit Epeautre, \r\neau, sel",
    "prix": 3.8,
    "unite": 1,
    "image_filename": null
  },
  {
    "id": 4161,
    "catalog_file_id": 148,
    "produit": "Pain de Riz et Sorgho petit moule 500 g",
    "description": "Farines de Riz et de Sorgho, naturellement sans gluten, Huile d'olive. ingrédients : Farine de Riz\r\nFarine de Sorgho\r\nEau, sel, huile d'olive, levain et levure",
    "prix": 4.59,
    "unite": 1,
    "image_filename": null
  },
  {
    "id": 4162,
    "catalog_file_id": 148,
    "produit": "Pain complet Grand Moulé 1300g",
    "description": "Pain complet riche en fibres et minéraux, sans acide phytique grâce à la longue fermentation au levain. ingrédients : Farine de Blé T80, Rémoulage, son fin,  levain de Seigle T170, eau, sel",
    "prix": 4.59,
    "unite": 1,
    "image_filename": null
  },
  {
    "id": 4163,
    "catalog_file_id": 148,
    "produit": "Pain aux graines Banneton 1000g",
    "description": "Pain façonné en banneton osier et cuit à même sur la sole du four. Une croûte profonde et mie ouverte. ingrédients : Farine de Blé T80, levain de Seigle T170, lin brun, lin doré, tournesol, sésame, pavot, eau, sel",
    "prix": 5.05,
    "unite": 1,
    "image_filename": null
  },
  {
    "id": 4164,
    "catalog_file_id": 148,
    "produit": "Pain Généreux Grand Moulé 1300g",
    "description": "Pain aux fruits sec et fruits à coque, enveloppé dans des flocons d'avoine. ingrédients : Farine de Blé T80, levain de Seigle T170, Noisettes, Abricots, raisins de corinthe, flocons d'avoines, graines de courge, eau, sel",
    "prix": 6.7,
    "unite": 1,
    "image_filename": null
  },
  {
    "id": 4165,
    "catalog_file_id": 148,
    "produit": "Petit Epeautre Grand  moule 1300 g",
    "description": "Pain à la farine de Petit épeautre complet (engrain), et au levain de petit épeautre complet.\r\nTerroir AOP des Alpes de Haute Provence\r\nTrès riche en protéine et pauvre en gluten. ingrédients : Farine de Petit Epeautre complet\r\nlevain de Petit Epeautre, \r\neau, sel",
    "prix": 8.02,
    "unite": 1,
    "image_filename": null
  },
  {
    "id": 4166,
    "catalog_file_id": 148,
    "produit": "Pain Complet Banneton 1000 g",
    "description": "Pain complet riche en fibres et minéraux, sans acide phytique grâce à la longue fermentation au levain. ingrédients : Pain complet riche en fibres et minéraux, sans acide phytique grâce à la longue fermentation au levain.",
    "prix": 4.59,
    "unite": 1,
    "image_filename": null
  },
  {
    "id": 4167,
    "catalog_file_id": 148,
    "produit": "Pain aux Noix Grand Moulé 1300 g",
    "description": "Un pain aux noix concassées et réhydratées, sur la base du pain de Campagne.  ingrédients : Farine de Blé T80, levain de Seigle T170, Noix, eau, sel",
    "prix": 8.23,
    "unite": 1,
    "image_filename": null
  },
  {
    "id": 4168,
    "catalog_file_id": 148,
    "produit": "Pain au Maïs en petit moules 500 g",
    "description": "Farine de Maïs Ancien Grand Roux Basque\r\nBlé et Graines de tournesol ingrédients : Farine de Maïs\r\nFarine de Blé T65\r\nLevain de Blé, eau, sel\r\nGraines de tournesol\r\nCurcuma",
    "prix": 3.69,
    "unite": 1,
    "image_filename": null
  },
  {
    "id": 4169,
    "catalog_file_id": 148,
    "produit": "Pain Intégral Grand Moulé 1300 g",
    "description": "Pain au levain de seigle, réalisé avec l'intégralité du grain de blé.  Très riche en fibres et minéraux ingrédients : Farine de Blé T80, Rémoulage, son gros, son fin,  levain de Seigle T170, eau, sel",
    "prix": 4.59,
    "unite": 1,
    "image_filename": null
  },
  {
    "id": 4170,
    "catalog_file_id": 148,
    "produit": "Brioche 900 g",
    "description": "Brioche au beurre Isigny Sainte Mère AOP et aux oeufs. Pas de lait ni d'eau. ingrédients : Farine de Blé T65, \r\nLevain de lait\r\nOeufs entiers, beurre Isigny St Mère, \r\nsucre de canne, sel, levure ",
    "prix": 12.55,
    "unite": 1,
    "image_filename": null
  },
  {
    "id": 4171,
    "catalog_file_id": 148,
    "produit": "Pain de Riz et Sorgho aux graines en petit moule 500 g",
    "description": "Base du pain de riz et Sorgho, \r\nMélange de graines oléagineuses\r\n ingrédients : Farine de Riz\r\nfarine de sorgho\r\neau, sel, levain, huile d'olive\r\n\r\nLin brun, lin doré, pavot, sésame, tournesol.",
    "prix": 4.91,
    "unite": 1,
    "image_filename": null
  },
  {
    "id": 4172,
    "catalog_file_id": 148,
    "produit": "Brioche 450 g",
    "description": "Brioche au beurre Isigny Sainte Mère AOP et aux oeufs. Pas de lait ni d'eau. ingrédients : Farine de Blé T65, Levain de laitOeufs entiers, beurre Isigny St Mère, sucre de canne, sel, levure ",
    "prix": 6.18,
    "unite": 1,
    "image_filename": null
  },
  {
    "id": 4173,
    "catalog_file_id": 148,
    "produit": "Shokupan 500 g",
    "description": "Pain de Mie de tradition Japonaise réalisée sur 3 pâtes et au levain de Panettone. \r\nConservation exceptionnelle de 10 jours sous film.\r\n10cm x 10cm x 19 cm ingrédients : Farine de Blé T55,\r\nLevain de Panettone\r\nLait, eau, sucre de canne, beurre isigny sainte mère,\r\nsel",
    "prix": 4.85,
    "unite": 1,
    "image_filename": null
  },
  {
    "id": 4174,
    "catalog_file_id": 148,
    "produit": "Brioche Provençale \"Pompe à l'huile\"",
    "description": "Brioche sans beurre ni œuf, dessert traditionnel du diner des apôtres,\r\nNaturellement Vegan ingrédients : Farine de Blé T65\r\nLevain de Blé\r\nEau, sel, levure\r\nHuile d'Olive",
    "prix": 1.58,
    "unite": 1,
    "image_filename": null
  },
  {
    "id": 4175,
    "catalog_file_id": 148,
    "produit": "Roulé Cannelle 100 g",
    "description": "Sur une base de pain au lait, incorporation d'un beurre cannelle, puis tressage. ingrédients : Farine de Blé T65, lait, oeuf, beurre, sucre, sel, cannelle, levure",
    "prix": 1.69,
    "unite": 1,
    "image_filename": null
  },
  {
    "id": 4176,
    "catalog_file_id": 148,
    "produit": "Shokupan 1400 g",
    "description": "Pain de Mie de tradition Japonaise réalisée sur 3 pâtes et au levain de Panettone. \r\nConservation exceptionnelle de 10 jours sous film.\r\n11cm x 11cm x 36 cm ingrédients : Farine de Blé T55,\r\nLevain de Panettone\r\nLait, eau, sucre de canne, beurre isigny sainte mère,\r\nsel",
    "prix": 11.92,
    "unite": 1,
    "image_filename": null
  },
  {
    "id": 4177,
    "catalog_file_id": 148,
    "produit": "Crackers",
    "description": "Crackers au levain de seigle et graines oléagineuses, huile d'olive, origan ingrédients : Farine de Blé T80\r\nFarine de Seigle T170\r\neau, sel, Lin Brun, Lin doré, Pavot, Sésame , Tournesol, Huile d'Olive, Origan",
    "prix": 15.09,
    "unite": 1,
    "image_filename": null
  },
  {
    "id": 4178,
    "catalog_file_id": 148,
    "produit": "Cookies Noix-Noisettes-Chocolat",
    "description": "Cookies de 70 g\r\nGénéreusement garni de Noix, Noisettes et Chocolat ingrédients : Farine de Blé T65,\r\nOeufs entier, Beurre Isisgny Ste Mère, Sucre de Canne, \r\nNoix, Noisettes, Chocolat noir 66%\r\nsel, poudre levante",
    "prix": 1,
    "unite": 1,
    "image_filename": null
  },
  {
    "id": 4179,
    "catalog_file_id": 148,
    "produit": "Canistrellis",
    "description": "Biscuits de tradition Corse, à l'anis, huile d'olive et vin blanc ingrédients : Farine de Blé T65,\r\nhuile d'olive, vin blanc, sucre, sel, graines d'anis, poudre levante",
    "prix": 15.56,
    "unite": 1,
    "image_filename": null
  },
  {
    "id": 4180,
    "catalog_file_id": 148,
    "produit": "Brownie",
    "description": "Brownie aux Noix et chocolat noir 66% ingrédients : Farine de Blé T65\r\n Beurre Isigny St Mère, Œuf entier, sucre, noix, sel, poudre levante",
    "prix": 2.69,
    "unite": 1,
    "image_filename": null
  },
  {
    "id": 4181,
    "catalog_file_id": 148,
    "produit": "Cake au citron",
    "description": "Pour les amoureux du citron !\r\nZest de citron, jus de citron, citron confit, sirop de citron. ingrédients : Farine de Blé T65,\r\nCitron jaune\r\nSucre de canne, Œuf entier, beurre Isigny Ste Mère, amidon de Maïs, sel ",
    "prix": 7.91,
    "unite": 1,
    "image_filename": null
  },
  {
    "id": 4182,
    "catalog_file_id": 148,
    "produit": "Pain de Campagne Grand Moulé 1300g",
    "description": "Pain de Campagne cuit en moule rectangulaire. ingrédients : Farine de Blé T80, levain de Seigle T170, eau, sel",
    "prix": 4.43,
    "unite": 1,
    "image_filename": null
  },
  {
    "id": 4183,
    "catalog_file_id": 148,
    "produit": "Pain de Campagne Banneton 1000 g",
    "description": "Pain façonné en banneton osier et cuit à même sur la sole du four. Une croûte profonde et mie ouverte. ingrédients : Farine de Blé T80, levain de Seigle T170, eau, sel",
    "prix": 4.43,
    "unite": 1,
    "image_filename": null
  },
  {
    "id": 4184,
    "catalog_file_id": 148,
    "produit": "Pain de Campagne Grand Moulé 1500g",
    "description": "Pain de Campagne cuit en moule rectangulaire. ingrédients : Farine de Blé T80, levain de Seigle T170, eau, sel",
    "prix": 4.43,
    "unite": 1,
    "image_filename": null
  },
  {
    "id": 4185,
    "catalog_file_id": 148,
    "produit": "Sechskornbröt Petit moulé 500 g",
    "description": "Farine de Seigle Complet Blé semi complet Levain de seigle Sel et eau Tournesol, flocon d'avoine, lin brun, lin doré, graines de courge",
    "prix": 2.95,
    "unite": 1,
    "image_filename": null
  },
  {
    "id": 4186,
    "catalog_file_id": 148,
    "produit": "Pain aux graines Grand Moulé 1300g",
    "description": "Pain aux graines oléagineuses sur base de pain de campagne.  ingrédients : Farine de Blé T80, levain de Seigle T170, lin brun, lin doré, tournesol, sésame, pavot, eau, sel",
    "prix": 5.05,
    "unite": 1,
    "image_filename": null
  },
  {
    "id": 4187,
    "catalog_file_id": 149,
    "produit": "paquet de 2 cuisses de poulet",
    "description": "8,70 €/kg   400g",
    "prix": 3.48,
    "unite": 1,
    "image_filename": null
  },
  {
    "id": 4188,
    "catalog_file_id": 149,
    "produit": "poulet entier (moyen)",
    "description": "7,50 €/KG    pour 1kg700",
    "prix": 12.75,
    "unite": 1,
    "image_filename": null
  },
  {
    "id": 4189,
    "catalog_file_id": 149,
    "produit": "Coquelet ",
    "description": "8,10 €/kg    pour 850 g",
    "prix": 6.88,
    "unite": 1,
    "image_filename": null
  },
  {
    "id": 4190,
    "catalog_file_id": 149,
    "produit": "pintade",
    "description": "9 €/kg   pour 1kg500",
    "prix": 13.5,
    "unite": 1,
    "image_filename": null
  },
  {
    "id": 4191,
    "catalog_file_id": 149,
    "produit": "Ailes de poulets",
    "description": "Paquet de 6 ailes",
    "prix": 4.8,
    "unite": 1,
    "image_filename": null
  },
  {
    "id": 4192,
    "catalog_file_id": 150,
    "produit": "colis de 2kg500",
    "description": "1 gigot, épaule, carrés de côtes, collier",
    "prix": 48,
    "unite": 1,
    "image_filename": null
  },
  {
    "id": 4193,
    "catalog_file_id": 150,
    "produit": "colis de 3 kg",
    "description": "1 gigot, 1 épaule, 1 collier, des carrés de côtes par 3 ",
    "prix": 58,
    "unite": 1,
    "image_filename": null
  },
  {
    "id": 4195,
    "catalog_file_id": 152,
    "produit": "foie gras entier 350g",
    "description": "conserve 350g ",
    "prix": 42,
    "unite": 1,
    "image_filename": null
  },
  {
    "id": 4196,
    "catalog_file_id": 152,
    "produit": "foie gras entier  200 g ",
    "description": "conserve 200g",
    "prix": 25.2,
    "unite": 1,
    "image_filename": null
  },
  {
    "id": 4197,
    "catalog_file_id": 152,
    "produit": "boite de 2 cuisses 600g ",
    "description": "conserve 600g",
    "prix": 10.5,
    "unite": 1,
    "image_filename": null
  },
  {
    "id": 4198,
    "catalog_file_id": 152,
    "produit": "rillettes de canard 200 g ",
    "description": "conserve 200g",
    "prix": 5,
    "unite": 1,
    "image_filename": null
  },
  {
    "id": 4199,
    "catalog_file_id": 152,
    "produit": "Confit de canard ",
    "description": "1 conserve avec 1 magret, 1 cuisse 1 aile, graisse ",
    "prix": 15,
    "unite": 1,
    "image_filename": null
  },
  {
    "id": 4200,
    "catalog_file_id": 152,
    "produit": "pâté de canard 270 g ",
    "description": "conserve 270g",
    "prix": 10,
    "unite": 1,
    "image_filename": null
  },
  {
    "id": 4201,
    "catalog_file_id": 152,
    "produit": "Canard entier ",
    "description": "2 foie gras entier 200g 2 confit de canard 1100g 1 rillettes de 200g ",
    "prix": 76.5,
    "unite": 1,
    "image_filename": null
  },
  {
    "id": 4202,
    "catalog_file_id": 152,
    "produit": "Le demi canard",
    "description": " 1 foie gras entier 200g 1 confit de canard 1100g 1 paté de 270g ",
    "prix": 44,
    "unite": 1,
    "image_filename": null
  },
  {
    "id": 4203,
    "catalog_file_id": 152,
    "produit": "MAGRET FRAIS",
    "description": "23,50€/kilo, magret sous vide d'environ 400g",
    "prix": 9.4,
    "unite": 1,
    "image_filename": null
  },
  {
    "id": 4204,
    "catalog_file_id": 152,
    "produit": "FOIE FRAIS (prix au kilo)",
    "description": "environ 400/500g",
    "prix": 42,
    "unite": 1,
    "image_filename": null
  },
  {
    "id": 4205,
    "catalog_file_id": 152,
    "produit": "Bolognaise de canard",
    "description": "400G",
    "prix": 13,
    "unite": 1,
    "image_filename": null
  },
  {
    "id": 4206,
    "catalog_file_id": 153,
    "produit": "Pain de Campagne Miche 2000 g",
    "description": "Gros pain de 2 kg, très longue cuisson.  ingrédients : Farine de Blé T80, levain de Seigle T170, eau, sel",
    "prix": 4.43,
    "unite": 1,
    "image_filename": null
  },
  {
    "id": 4207,
    "catalog_file_id": 153,
    "produit": "Pain de Campagne Moule Fermé 1500 g",
    "description": "Pain de Campagne cuit en moule fermé.\r\nIl a une forme parfaitement rectangulaire, et très peu de croûte ingrédients : Farine de Blé T80, levain de Seigle T170, eau, sel",
    "prix": 4.43,
    "unite": 1,
    "image_filename": null
  },
  {
    "id": 4208,
    "catalog_file_id": 153,
    "produit": "Pain de Khorasan en boule de 800 g",
    "description": "Farine de Blé dur ancien de variété Khorasan.  ingrédients : Farine de Khorasan \r\nLevain de Khorasan\r\neau, sel",
    "prix": 6.27,
    "unite": 1,
    "image_filename": null
  },
  {
    "id": 4209,
    "catalog_file_id": 153,
    "produit": "Petit Epeautre petit moule 500 g",
    "description": "Pain à la farine de Petit épeautre complet (engrain), et au levain de petit épeautre complet.\r\nTerroir AOP des Alpes de Haute Provence\r\nTrès riche en protéine et pauvre en gluten. ingrédients : Farine de Petit Epeautre complet\r\nlevain de Petit Epeautre, \r\neau, sel",
    "prix": 3.8,
    "unite": 1,
    "image_filename": null
  },
  {
    "id": 4210,
    "catalog_file_id": 153,
    "produit": "Petit Epeautre Grand  moule 1300 g",
    "description": "Pain à la farine de Petit épeautre complet (engrain), et au levain de petit épeautre complet.\r\nTerroir AOP des Alpes de Haute Provence\r\nTrès riche en protéine et pauvre en gluten. ingrédients : Farine de Petit Epeautre complet\r\nlevain de Petit Epeautre, \r\neau, sel",
    "prix": 8.02,
    "unite": 1,
    "image_filename": null
  },
  {
    "id": 4211,
    "catalog_file_id": 153,
    "produit": "Pain aux graines Banneton 1000g",
    "description": "Pain façonné en banneton osier et cuit à même sur la sole du four. Une croûte profonde et mie ouverte. ingrédients : Farine de Blé T80, levain de Seigle T170, lin brun, lin doré, tournesol, sésame, pavot, eau, sel",
    "prix": 5.05,
    "unite": 1,
    "image_filename": null
  },
  {
    "id": 4212,
    "catalog_file_id": 153,
    "produit": "Pain aux graines Grand Moulé 1300g",
    "description": "Pain aux graines oléagineuses sur base de pain de campagne.  ingrédients : Farine de Blé T80, levain de Seigle T170, lin brun, lin doré, tournesol, sésame, pavot, eau, sel",
    "prix": 5.05,
    "unite": 1,
    "image_filename": null
  },
  {
    "id": 4213,
    "catalog_file_id": 153,
    "produit": "Pain Généreux Grand Moulé 1300g",
    "description": "Pain aux fruits sec et fruits à coque, enveloppé dans des flocons d'avoine. ingrédients : Farine de Blé T80, levain de Seigle T170, Noisettes, Abricots, raisins de corinthe, flocons d'avoines, graines de courge, eau, sel",
    "prix": 6.7,
    "unite": 1,
    "image_filename": null
  },
  {
    "id": 4214,
    "catalog_file_id": 153,
    "produit": "Pain aux graines Miche 2000 g",
    "description": "Gros pain de 2 kg, très longue cuisson.  ingrédients : Farine de Blé T80, levain de Seigle T170, lin brun, lin doré, tournesol, sésame, pavot, eau, sel",
    "prix": 5.05,
    "unite": 1,
    "image_filename": null
  },
  {
    "id": 4215,
    "catalog_file_id": 153,
    "produit": "Pain de Méteil en Boule 1000 g",
    "description": "Pain rustique mi blé mi seigle au levain de seigle ingrédients : Farine de Blé T80\r\nFarine de Seigle T70\r\neau, sel, levain de seigle",
    "prix": 4.91,
    "unite": 1,
    "image_filename": null
  },
  {
    "id": 4216,
    "catalog_file_id": 153,
    "produit": "Pain au Maïs en petit moules 500 g",
    "description": "Farine de Maïs Ancien Grand Roux Basque\r\nBlé et Graines de tournesol ingrédients : Farine de Maïs\r\nFarine de Blé T65\r\nLevain de Blé, eau, sel\r\nGraines de tournesol\r\nCurcuma",
    "prix": 3.69,
    "unite": 1,
    "image_filename": null
  },
  {
    "id": 4217,
    "catalog_file_id": 153,
    "produit": "Pain Complet Banneton 1000 g",
    "description": "Pain complet riche en fibres et minéraux, sans acide phytique grâce à la longue fermentation au levain. ingrédients : Pain complet riche en fibres et minéraux, sans acide phytique grâce à la longue fermentation au levain.",
    "prix": 4.59,
    "unite": 1,
    "image_filename": null
  },
  {
    "id": 4218,
    "catalog_file_id": 153,
    "produit": "Pain complet Grand Moulé 1300g",
    "description": "Pain complet riche en fibres et minéraux, sans acide phytique grâce à la longue fermentation au levain. ingrédients : Farine de Blé T80, Rémoulage, son fin,  levain de Seigle T170, eau, sel",
    "prix": 4.59,
    "unite": 1,
    "image_filename": null
  },
  {
    "id": 4219,
    "catalog_file_id": 153,
    "produit": "Pain Intégral Grand Moulé 1300 g",
    "description": "Pain au levain de seigle, réalisé avec l'intégralité du grain de blé.  Très riche en fibres et minéraux ingrédients : Farine de Blé T80, Rémoulage, son gros, son fin,  levain de Seigle T170, eau, sel",
    "prix": 4.59,
    "unite": 1,
    "image_filename": null
  },
  {
    "id": 4220,
    "catalog_file_id": 153,
    "produit": "1/2 Focaccia en plaque de 1600 g",
    "description": "Pâte levée italienne, largement bassinée à l'huile d'Olive, vendue en 1/2 plaque de 1600 g de 30cm x 40 cm ingrédients : Farine de Blé T65\r\nlevain dur de blé T55\r\neau, sel, huile d'olive, origan",
    "prix": 9.28,
    "unite": 1,
    "image_filename": null
  },
  {
    "id": 4221,
    "catalog_file_id": 153,
    "produit": "1/2 Focaccia Olives & Tomates",
    "description": "Base de pâte à Focaccia + Olives de kalamata, Tomates séchées, huile d'olive et origan ingrédients : Farine de Blé T65\r\nEau, sel, levain dur de blé T55, \r\nOlives de kalamata, Tomates",
    "prix": 18.4,
    "unite": 1,
    "image_filename": null
  },
  {
    "id": 4222,
    "catalog_file_id": 153,
    "produit": "Focaccia en plaque de 3200 g",
    "description": "Pâte levée italienne, largement bassinée à l'huile d'Olive, vendue en plaque de 3200 g de 60cm x 40 cm ingrédients : Farine de Blé T65\r\nlevain dur de blé T55\r\neau, sel, huile d'olive, origan",
    "prix": 18.57,
    "unite": 1,
    "image_filename": null
  },
  {
    "id": 4223,
    "catalog_file_id": 153,
    "produit": "Focaccia Olives & Tomates",
    "description": "Base de pâte à Focaccia + Olives de kalamata, Tomates séchées, huile d'olive et origan ingrédients : Farine de Blé T65\r\nEau, sel, levain dur de blé T55, \r\nOlives de kalamata, Tomates",
    "prix": 36.8,
    "unite": 1,
    "image_filename": null
  },
  {
    "id": 4224,
    "catalog_file_id": 153,
    "produit": "Pain aux Noix Grand Moulé 1300 g",
    "description": "Un pain aux noix concassées et réhydratées, sur la base du pain de Campagne.  ingrédients : Farine de Blé T80, levain de Seigle T170, Noix, eau, sel",
    "prix": 8.23,
    "unite": 1,
    "image_filename": null
  },
  {
    "id": 4225,
    "catalog_file_id": 153,
    "produit": "Pain de Riz et Sorgho aux graines en petit moule 500 g",
    "description": "Base du pain de riz et Sorgho, \r\nMélange de graines oléagineuses\r\n ingrédients : Farine de Riz\r\nfarine de sorgho\r\neau, sel, levain, huile d'olive\r\n\r\nLin brun, lin doré, pavot, sésame, tournesol.",
    "prix": 4.91,
    "unite": 1,
    "image_filename": null
  },
  {
    "id": 4226,
    "catalog_file_id": 153,
    "produit": "Pain de Riz et Sorgho petit moule 500 g",
    "description": "Farines de Riz et de Sorgho, naturellement sans gluten, Huile d'olive. ingrédients : Farine de Riz\r\nFarine de Sorgho\r\nEau, sel, huile d'olive, levain et levure",
    "prix": 4.59,
    "unite": 1,
    "image_filename": null
  },
  {
    "id": 4227,
    "catalog_file_id": 153,
    "produit": "Brioche 450 g",
    "description": "Brioche au beurre Isigny Sainte Mère AOP et aux oeufs. Pas de lait ni d'eau. ingrédients : Farine de Blé T65, Levain de laitOeufs entiers, beurre Isigny St Mère, sucre de canne, sel, levure ",
    "prix": 6.18,
    "unite": 1,
    "image_filename": null
  },
  {
    "id": 4228,
    "catalog_file_id": 153,
    "produit": "Brioche 900 g",
    "description": "Brioche au beurre Isigny Sainte Mère AOP et aux oeufs. Pas de lait ni d'eau. ingrédients : Farine de Blé T65, \r\nLevain de lait\r\nOeufs entiers, beurre Isigny St Mère, \r\nsucre de canne, sel, levure ",
    "prix": 12.55,
    "unite": 1,
    "image_filename": null
  },
  {
    "id": 4229,
    "catalog_file_id": 153,
    "produit": "Roulé Cannelle 100 g",
    "description": "Sur une base de pain au lait, incorporation d'un beurre cannelle, puis tressage. ingrédients : Farine de Blé T65, lait, oeuf, beurre, sucre, sel, cannelle, levure",
    "prix": 1.69,
    "unite": 1,
    "image_filename": null
  },
  {
    "id": 4230,
    "catalog_file_id": 153,
    "produit": "Brioche Provençale \"Pompe à l'huile\"",
    "description": "Brioche sans beurre ni œuf, dessert traditionnel du diner des apôtres,\r\nNaturellement Vegan ingrédients : Farine de Blé T65\r\nLevain de Blé\r\nEau, sel, levure\r\nHuile d'Olive",
    "prix": 1.58,
    "unite": 1,
    "image_filename": null
  },
  {
    "id": 4231,
    "catalog_file_id": 153,
    "produit": "Bun's Brioché",
    "description": "Pain à Hamburger brioché aux œufs, beurre ingrédients : Farine T65, oeufs, beurre, lait, eau,  œuf, pâte fermentée, levure, sel",
    "prix": 1.06,
    "unite": 1,
    "image_filename": null
  },
  {
    "id": 4232,
    "catalog_file_id": 153,
    "produit": "Cookies Noix-Noisettes-Chocolat",
    "description": "Cookies de 70 g\r\nGénéreusement garni de Noix, Noisettes et Chocolat ingrédients : Farine de Blé T65,\r\nOeufs entier, Beurre Isisgny Ste Mère, Sucre de Canne, \r\nNoix, Noisettes, Chocolat noir 66%\r\nsel, poudre levante",
    "prix": 1,
    "unite": 1,
    "image_filename": null
  },
  {
    "id": 4233,
    "catalog_file_id": 153,
    "produit": "Canistrellis",
    "description": "Biscuits de tradition Corse, à l'anis, huile d'olive et vin blanc ingrédients : Farine de Blé T65,\r\nhuile d'olive, vin blanc, sucre, sel, graines d'anis, poudre levante",
    "prix": 15.56,
    "unite": 1,
    "image_filename": null
  },
  {
    "id": 4234,
    "catalog_file_id": 153,
    "produit": "Brownie",
    "description": "Brownie aux Noix et chocolat noir 66% ingrédients : Farine de Blé T65\r\n Beurre Isigny St Mère, Œuf entier, sucre, noix, sel, poudre levante",
    "prix": 2.69,
    "unite": 1,
    "image_filename": null
  },
  {
    "id": 4235,
    "catalog_file_id": 153,
    "produit": "Cake au citron",
    "description": "Pour les amoureux du citron !\r\nZest de citron, jus de citron, citron confit, sirop de citron. ingrédients : Farine de Blé T65,\r\nCitron jaune\r\nSucre de canne, Œuf entier, beurre Isigny Ste Mère, amidon de Maïs, sel ",
    "prix": 7.91,
    "unite": 1,
    "image_filename": null
  },
  {
    "id": 4236,
    "catalog_file_id": 153,
    "produit": "Pain de Campagne Grand Moulé 1300g",
    "description": "Pain de Campagne cuit en moule rectangulaire. ingrédients : Farine de Blé T80, levain de Seigle T170, eau, sel",
    "prix": 4.43,
    "unite": 1,
    "image_filename": null
  },
  {
    "id": 4237,
    "catalog_file_id": 153,
    "produit": "Pain de Campagne Banneton 1000 g",
    "description": "Pain façonné en banneton osier et cuit à même sur la sole du four. Une croûte profonde et mie ouverte. ingrédients : Farine de Blé T80, levain de Seigle T170, eau, sel",
    "prix": 4.43,
    "unite": 1,
    "image_filename": null
  },
  {
    "id": 4238,
    "catalog_file_id": 153,
    "produit": "Pain de Campagne Grand Moulé 1500g",
    "description": "Pain de Campagne cuit en moule rectangulaire. ingrédients : Farine de Blé T80, levain de Seigle T170, eau, sel",
    "prix": 4.43,
    "unite": 1,
    "image_filename": null
  },
  {
    "id": 4239,
    "catalog_file_id": 153,
    "produit": "Sechskornbröt Petit moulé 500 g",
    "description": "Farine de Seigle Complet Blé semi complet Levain de seigle Sel et eau Tournesol, flocon d'avoine, lin brun, lin doré, graines de courge",
    "prix": 2.95,
    "unite": 1,
    "image_filename": null
  },
  {
    "id": 4240,
    "catalog_file_id": 154,
    "produit": "Pain aux graines Miche 2000 g",
    "description": "Gros pain de 2 kg, très longue cuisson.  ingrédients : Farine de Blé T80, levain de Seigle T170, lin brun, lin doré, tournesol, sésame, pavot, eau, sel",
    "prix": 5.05,
    "unite": 1,
    "image_filename": null
  },
  {
    "id": 4241,
    "catalog_file_id": 154,
    "produit": "Pain de Campagne Miche 2000 g",
    "description": "Gros pain de 2 kg, très longue cuisson.  ingrédients : Farine de Blé T80, levain de Seigle T170, eau, sel",
    "prix": 4.43,
    "unite": 1,
    "image_filename": null
  },
  {
    "id": 4242,
    "catalog_file_id": 154,
    "produit": "Pain de Campagne Moule Fermé 1500 g",
    "description": "Pain de Campagne cuit en moule fermé.\r\nIl a une forme parfaitement rectangulaire, et très peu de croûte ingrédients : Farine de Blé T80, levain de Seigle T170, eau, sel",
    "prix": 4.43,
    "unite": 1,
    "image_filename": null
  },
  {
    "id": 4243,
    "catalog_file_id": 154,
    "produit": "Petit Epeautre petit moule 500 g",
    "description": "Pain à la farine de Petit épeautre complet (engrain), et au levain de petit épeautre complet.\r\nTerroir AOP des Alpes de Haute Provence\r\nTrès riche en protéine et pauvre en gluten. ingrédients : Farine de Petit Epeautre complet\r\nlevain de Petit Epeautre, \r\neau, sel",
    "prix": 3.8,
    "unite": 1,
    "image_filename": null
  },
  {
    "id": 4244,
    "catalog_file_id": 154,
    "produit": "Pain de Riz et Sorgho petit moule 500 g",
    "description": "Farines de Riz et de Sorgho, naturellement sans gluten, Huile d'olive. ingrédients : Farine de Riz\r\nFarine de Sorgho\r\nEau, sel, huile d'olive, levain et levure",
    "prix": 4.59,
    "unite": 1,
    "image_filename": null
  },
  {
    "id": 4245,
    "catalog_file_id": 154,
    "produit": "Pain complet Grand Moulé 1300g",
    "description": "Pain complet riche en fibres et minéraux, sans acide phytique grâce à la longue fermentation au levain. ingrédients : Farine de Blé T80, Rémoulage, son fin,  levain de Seigle T170, eau, sel",
    "prix": 4.59,
    "unite": 1,
    "image_filename": null
  },
  {
    "id": 4246,
    "catalog_file_id": 154,
    "produit": "Pain aux graines Banneton 1000g",
    "description": "Pain façonné en banneton osier et cuit à même sur la sole du four. Une croûte profonde et mie ouverte. ingrédients : Farine de Blé T80, levain de Seigle T170, lin brun, lin doré, tournesol, sésame, pavot, eau, sel",
    "prix": 5.05,
    "unite": 1,
    "image_filename": null
  },
  {
    "id": 4247,
    "catalog_file_id": 154,
    "produit": "Pain Généreux Grand Moulé 1300g",
    "description": "Pain aux fruits sec et fruits à coque, enveloppé dans des flocons d'avoine. ingrédients : Farine de Blé T80, levain de Seigle T170, Noisettes, Abricots, raisins de corinthe, flocons d'avoines, graines de courge, eau, sel",
    "prix": 6.7,
    "unite": 1,
    "image_filename": null
  },
  {
    "id": 4248,
    "catalog_file_id": 154,
    "produit": "Petit Epeautre Grand  moule 1300 g",
    "description": "Pain à la farine de Petit épeautre complet (engrain), et au levain de petit épeautre complet.\r\nTerroir AOP des Alpes de Haute Provence\r\nTrès riche en protéine et pauvre en gluten. ingrédients : Farine de Petit Epeautre complet\r\nlevain de Petit Epeautre, \r\neau, sel",
    "prix": 8.02,
    "unite": 1,
    "image_filename": null
  },
  {
    "id": 4249,
    "catalog_file_id": 154,
    "produit": "Pain Complet Banneton 1000 g",
    "description": "Pain complet riche en fibres et minéraux, sans acide phytique grâce à la longue fermentation au levain. ingrédients : Pain complet riche en fibres et minéraux, sans acide phytique grâce à la longue fermentation au levain.",
    "prix": 4.59,
    "unite": 1,
    "image_filename": null
  },
  {
    "id": 4250,
    "catalog_file_id": 154,
    "produit": "Pain aux Noix Grand Moulé 1300 g",
    "description": "Un pain aux noix concassées et réhydratées, sur la base du pain de Campagne.  ingrédients : Farine de Blé T80, levain de Seigle T170, Noix, eau, sel",
    "prix": 8.23,
    "unite": 1,
    "image_filename": null
  },
  {
    "id": 4251,
    "catalog_file_id": 154,
    "produit": "Pain au Maïs en petit moules 500 g",
    "description": "Farine de Maïs Ancien Grand Roux Basque\r\nBlé et Graines de tournesol ingrédients : Farine de Maïs\r\nFarine de Blé T65\r\nLevain de Blé, eau, sel\r\nGraines de tournesol\r\nCurcuma",
    "prix": 3.69,
    "unite": 1,
    "image_filename": null
  },
  {
    "id": 4252,
    "catalog_file_id": 154,
    "produit": "Pain Intégral Grand Moulé 1300 g",
    "description": "Pain au levain de seigle, réalisé avec l'intégralité du grain de blé.  Très riche en fibres et minéraux ingrédients : Farine de Blé T80, Rémoulage, son gros, son fin,  levain de Seigle T170, eau, sel",
    "prix": 4.59,
    "unite": 1,
    "image_filename": null
  },
  {
    "id": 4253,
    "catalog_file_id": 154,
    "produit": "Brioche 900 g",
    "description": "Brioche au beurre Isigny Sainte Mère AOP et aux oeufs. Pas de lait ni d'eau. ingrédients : Farine de Blé T65, \r\nLevain de lait\r\nOeufs entiers, beurre Isigny St Mère, \r\nsucre de canne, sel, levure ",
    "prix": 12.55,
    "unite": 1,
    "image_filename": null
  },
  {
    "id": 4254,
    "catalog_file_id": 154,
    "produit": "Pain de Riz et Sorgho aux graines en petit moule 500 g",
    "description": "Base du pain de riz et Sorgho, \r\nMélange de graines oléagineuses\r\n ingrédients : Farine de Riz\r\nfarine de sorgho\r\neau, sel, levain, huile d'olive\r\n\r\nLin brun, lin doré, pavot, sésame, tournesol.",
    "prix": 4.91,
    "unite": 1,
    "image_filename": null
  },
  {
    "id": 4255,
    "catalog_file_id": 154,
    "produit": "Brioche 450 g",
    "description": "Brioche au beurre Isigny Sainte Mère AOP et aux oeufs. Pas de lait ni d'eau. ingrédients : Farine de Blé T65, Levain de laitOeufs entiers, beurre Isigny St Mère, sucre de canne, sel, levure ",
    "prix": 6.18,
    "unite": 1,
    "image_filename": null
  },
  {
    "id": 4256,
    "catalog_file_id": 154,
    "produit": "Shokupan 500 g",
    "description": "Pain de Mie de tradition Japonaise réalisée sur 3 pâtes et au levain de Panettone. \r\nConservation exceptionnelle de 10 jours sous film.\r\n10cm x 10cm x 19 cm ingrédients : Farine de Blé T55,\r\nLevain de Panettone\r\nLait, eau, sucre de canne, beurre isigny sainte mère,\r\nsel",
    "prix": 4.85,
    "unite": 1,
    "image_filename": null
  },
  {
    "id": 4257,
    "catalog_file_id": 154,
    "produit": "Brioche Provençale \"Pompe à l'huile\"",
    "description": "Brioche sans beurre ni œuf, dessert traditionnel du diner des apôtres,\r\nNaturellement Vegan ingrédients : Farine de Blé T65\r\nLevain de Blé\r\nEau, sel, levure\r\nHuile d'Olive",
    "prix": 1.58,
    "unite": 1,
    "image_filename": null
  },
  {
    "id": 4258,
    "catalog_file_id": 154,
    "produit": "Roulé Cannelle 100 g",
    "description": "Sur une base de pain au lait, incorporation d'un beurre cannelle, puis tressage. ingrédients : Farine de Blé T65, lait, oeuf, beurre, sucre, sel, cannelle, levure",
    "prix": 1.69,
    "unite": 1,
    "image_filename": null
  },
  {
    "id": 4259,
    "catalog_file_id": 154,
    "produit": "Shokupan 1400 g",
    "description": "Pain de Mie de tradition Japonaise réalisée sur 3 pâtes et au levain de Panettone. \r\nConservation exceptionnelle de 10 jours sous film.\r\n11cm x 11cm x 36 cm ingrédients : Farine de Blé T55,\r\nLevain de Panettone\r\nLait, eau, sucre de canne, beurre isigny sainte mère,\r\nsel",
    "prix": 11.92,
    "unite": 1,
    "image_filename": null
  },
  {
    "id": 4260,
    "catalog_file_id": 154,
    "produit": "Crackers",
    "description": "Crackers au levain de seigle et graines oléagineuses, huile d'olive, origan ingrédients : Farine de Blé T80\r\nFarine de Seigle T170\r\neau, sel, Lin Brun, Lin doré, Pavot, Sésame , Tournesol, Huile d'Olive, Origan",
    "prix": 15.09,
    "unite": 1,
    "image_filename": null
  },
  {
    "id": 4261,
    "catalog_file_id": 154,
    "produit": "Cookies Noix-Noisettes-Chocolat",
    "description": "Cookies de 70 g\r\nGénéreusement garni de Noix, Noisettes et Chocolat ingrédients : Farine de Blé T65,\r\nOeufs entier, Beurre Isisgny Ste Mère, Sucre de Canne, \r\nNoix, Noisettes, Chocolat noir 66%\r\nsel, poudre levante",
    "prix": 1,
    "unite": 1,
    "image_filename": null
  },
  {
    "id": 4262,
    "catalog_file_id": 154,
    "produit": "Canistrellis",
    "description": "Biscuits de tradition Corse, à l'anis, huile d'olive et vin blanc ingrédients : Farine de Blé T65,\r\nhuile d'olive, vin blanc, sucre, sel, graines d'anis, poudre levante",
    "prix": 15.56,
    "unite": 1,
    "image_filename": null
  },
  {
    "id": 4263,
    "catalog_file_id": 154,
    "produit": "Brownie",
    "description": "Brownie aux Noix et chocolat noir 66% ingrédients : Farine de Blé T65\r\n Beurre Isigny St Mère, Œuf entier, sucre, noix, sel, poudre levante",
    "prix": 2.69,
    "unite": 1,
    "image_filename": null
  },
  {
    "id": 4264,
    "catalog_file_id": 154,
    "produit": "Pain de Campagne Grand Moulé 1300g",
    "description": "Pain de Campagne cuit en moule rectangulaire. ingrédients : Farine de Blé T80, levain de Seigle T170, eau, sel",
    "prix": 4.43,
    "unite": 1,
    "image_filename": null
  },
  {
    "id": 4265,
    "catalog_file_id": 154,
    "produit": "Cake au citron",
    "description": "Pour les amoureux du citron !\r\nZest de citron, jus de citron, citron confit, sirop de citron. ingrédients : Farine de Blé T65,\r\nCitron jaune\r\nSucre de canne, Œuf entier, beurre Isigny Ste Mère, amidon de Maïs, sel ",
    "prix": 7.91,
    "unite": 1,
    "image_filename": null
  },
  {
    "id": 4266,
    "catalog_file_id": 154,
    "produit": "Pain de Campagne Banneton 1000 g",
    "description": "Pain façonné en banneton osier et cuit à même sur la sole du four. Une croûte profonde et mie ouverte. ingrédients : Farine de Blé T80, levain de Seigle T170, eau, sel",
    "prix": 4.43,
    "unite": 1,
    "image_filename": null
  },
  {
    "id": 4267,
    "catalog_file_id": 154,
    "produit": "Pain de Campagne Grand Moulé 1500g",
    "description": "Pain de Campagne cuit en moule rectangulaire. ingrédients : Farine de Blé T80, levain de Seigle T170, eau, sel",
    "prix": 4.43,
    "unite": 1,
    "image_filename": null
  },
  {
    "id": 4268,
    "catalog_file_id": 154,
    "produit": "Sechskornbröt Petit moulé 500 g",
    "description": "Farine de Seigle Complet Blé semi complet Levain de seigle Sel et eau Tournesol, flocon d'avoine, lin brun, lin doré, graines de courge",
    "prix": 2.95,
    "unite": 1,
    "image_filename": null
  },
  {
    "id": 4269,
    "catalog_file_id": 154,
    "produit": "Pain aux graines Grand Moulé 1300g",
    "description": "Pain aux graines oléagineuses sur base de pain de campagne.  ingrédients : Farine de Blé T80, levain de Seigle T170, lin brun, lin doré, tournesol, sésame, pavot, eau, sel",
    "prix": 5.05,
    "unite": 1,
    "image_filename": null
  },
  {
    "id": 4270,
    "catalog_file_id": 150,
    "produit": "gelée de pommes",
    "description": "pot de 250 gr ",
    "prix": 5,
    "unite": 1,
    "image_filename": null
  },
  {
    "id": 4271,
    "catalog_file_id": 128,
    "produit": "graisserons",
    "description": "pot de 190 gr",
    "prix": 3.94,
    "unite": 1,
    "image_filename": null
  },
  {
    "id": 4272,
    "catalog_file_id": 128,
    "produit": "Boudin noir boyaux",
    "description": "sous vide 240 gr env. 14,35/kg",
    "prix": 3.45,
    "unite": 1,
    "image_filename": null
  },
  {
    "id": 4273,
    "catalog_file_id": 128,
    "produit": "joue",
    "description": "sous vide 250 gr   11,82/kg",
    "prix": 2.96,
    "unite": 1,
    "image_filename": null
  },
  {
    "id": 4274,
    "catalog_file_id": 128,
    "produit": "jarret",
    "description": "sous vide 1kg environ",
    "prix": 13.42,
    "unite": 1,
    "image_filename": null
  },
  {
    "id": 4275,
    "catalog_file_id": 128,
    "produit": "rouelle",
    "description": "sous vide 1kg env",
    "prix": 16.83,
    "unite": 1,
    "image_filename": null
  },
  {
    "id": 4306,
    "catalog_file_id": 160,
    "produit": "Pave  de truite_ truchetet_Kilo_",
    "description": "Pavé de truite  poids +- 120 grammes au prix de 25.20 le kilo",
    "prix": 3,
    "unite": 1,
    "image_filename": null
  },
  {
    "id": 4307,
    "catalog_file_id": 160,
    "produit": "oeufs de truite truchetet_Unite_",
    "description": "oeufs de truite",
    "prix": 7.6,
    "unite": 1,
    "image_filename": null
  },
  {
    "id": 4308,
    "catalog_file_id": 160,
    "produit": "Truite entiere truchetet_Kilo_",
    "description": "Truite entiere de septembre à décembre 2025  1.5 kg/ 2kg",
    "prix": 15.2,
    "unite": 1,
    "image_filename": null
  },
  {
    "id": 4309,
    "catalog_file_id": 160,
    "produit": "Truite fumee paquet 150g truchetet_Unite_",
    "description": "Truite fumee paquet 150g",
    "prix": 8.5,
    "unite": 1,
    "image_filename": null
  },
  {
    "id": 4310,
    "catalog_file_id": 160,
    "produit": "Truite fumee paquet 250g_ truchetet_Unite_",
    "description": "Truite fumee paquet 250g",
    "prix": 13.8,
    "unite": 1,
    "image_filename": null
  },
  {
    "id": 4311,
    "catalog_file_id": 160,
    "produit": "Filet de truite",
    "description": "Filet entier au prix de 25.20 le kg",
    "prix": 25.2,
    "unite": 1,
    "image_filename": null
  },
  {
    "id": 4312,
    "catalog_file_id": 161,
    "produit": "Morceau fromage brebis 1 kg_ferme Gaztelu Gat_Kilo_",
    "description": "fromage brebis 1 kg",
    "prix": 20,
    "unite": 1,
    "image_filename": null
  },
  {
    "id": 4313,
    "catalog_file_id": 161,
    "produit": "Tomme entière environ 2kg ",
    "description": "19€  le kilo",
    "prix": 38,
    "unite": 1,
    "image_filename": null
  },
  {
    "id": 4314,
    "catalog_file_id": 161,
    "produit": "Tomme entière 5kg",
    "description": "19€/kilo",
    "prix": 45,
    "unite": 1,
    "image_filename": null
  },
  {
    "id": 4315,
    "catalog_file_id": 161,
    "produit": "Morceau 500g brebis",
    "description": "20€/kilo",
    "prix": 10,
    "unite": 1,
    "image_filename": null
  },
  {
    "id": 4319,
    "catalog_file_id": 164,
    "produit": "Poche poissons 2 KG",
    "description": "Assortiment varié de la pêche du jour",
    "prix": 22,
    "unite": 1,
    "image_filename": null
  },
  {
    "id": 4320,
    "catalog_file_id": 164,
    "produit": "Poche poissons 3 KG",
    "description": "Assortiment varié de la pêche du jour",
    "prix": 32,
    "unite": 1,
    "image_filename": null
  },
  {
    "id": 4321,
    "catalog_file_id": 165,
    "produit": "paquet de 2 cuisses de poulet",
    "description": "8,70 €/kg   400g",
    "prix": 3.48,
    "unite": 1,
    "image_filename": null
  },
  {
    "id": 4322,
    "catalog_file_id": 165,
    "produit": "poulet entier (moyen)",
    "description": "7,50 €/KG    pour 1kg700",
    "prix": 12.75,
    "unite": 1,
    "image_filename": null
  },
  {
    "id": 4323,
    "catalog_file_id": 165,
    "produit": "Coquelet ",
    "description": "8,10 €/kg    pour 850 g",
    "prix": 6.88,
    "unite": 1,
    "image_filename": null
  },
  {
    "id": 4324,
    "catalog_file_id": 165,
    "produit": "pintade",
    "description": "9 €/kg   pour 1kg500",
    "prix": 13.5,
    "unite": 1,
    "image_filename": null
  },
  {
    "id": 4325,
    "catalog_file_id": 165,
    "produit": "Ailes de poulets",
    "description": "Paquet de 6 ailes",
    "prix": 4.8,
    "unite": 1,
    "image_filename": null
  },
  {
    "id": 4331,
    "catalog_file_id": 167,
    "produit": "Pain de Campagne Miche 2000 g",
    "description": "Gros pain de 2 kg, très longue cuisson.  ingrédients : Farine de Blé T80, levain de Seigle T170, eau, sel",
    "prix": 4.43,
    "unite": 1,
    "image_filename": null
  },
  {
    "id": 4332,
    "catalog_file_id": 167,
    "produit": "Pain aux graines Banneton 1000g",
    "description": "Pain façonné en banneton osier et cuit à même sur la sole du four. Une croûte profonde et mie ouverte. ingrédients : Farine de Blé T80, levain de Seigle T170, lin brun, lin doré, tournesol, sésame, pavot, eau, sel",
    "prix": 5.05,
    "unite": 1,
    "image_filename": null
  },
  {
    "id": 4333,
    "catalog_file_id": 167,
    "produit": "Pain aux graines Grand Moulé 1300g",
    "description": "Pain aux graines oléagineuses sur base de pain de campagne.  ingrédients : Farine de Blé T80, levain de Seigle T170, lin brun, lin doré, tournesol, sésame, pavot, eau, sel",
    "prix": 5.05,
    "unite": 1,
    "image_filename": null
  },
  {
    "id": 4334,
    "catalog_file_id": 167,
    "produit": "Pain Généreux Grand Moulé 1300g",
    "description": "Pain aux fruits sec et fruits à coque, enveloppé dans des flocons d'avoine. ingrédients : Farine de Blé T80, levain de Seigle T170, Noisettes, Abricots, raisins de corinthe, flocons d'avoines, graines de courge, eau, sel",
    "prix": 6.7,
    "unite": 1,
    "image_filename": null
  },
  {
    "id": 4335,
    "catalog_file_id": 167,
    "produit": "Pain de Campagne Moule Fermé 1500 g",
    "description": "Pain de Campagne cuit en moule fermé.\r\nIl a une forme parfaitement rectangulaire, et très peu de croûte ingrédients : Farine de Blé T80, levain de Seigle T170, eau, sel",
    "prix": 4.43,
    "unite": 1,
    "image_filename": null
  },
  {
    "id": 4336,
    "catalog_file_id": 167,
    "produit": "Pain de Khorasan en boule de 800 g",
    "description": "Farine de Blé dur ancien de variété Khorasan.  ingrédients : Farine de Khorasan \r\nLevain de Khorasan\r\neau, sel",
    "prix": 6.27,
    "unite": 1,
    "image_filename": null
  },
  {
    "id": 4337,
    "catalog_file_id": 167,
    "produit": "Petit Epeautre petit moule 500 g",
    "description": "Pain à la farine de Petit épeautre complet (engrain), et au levain de petit épeautre complet.\r\nTerroir AOP des Alpes de Haute Provence\r\nTrès riche en protéine et pauvre en gluten. ingrédients : Farine de Petit Epeautre complet\r\nlevain de Petit Epeautre, \r\neau, sel",
    "prix": 3.8,
    "unite": 1,
    "image_filename": null
  },
  {
    "id": 4338,
    "catalog_file_id": 167,
    "produit": "Petit Epeautre Grand  moule 1300 g",
    "description": "Pain à la farine de Petit épeautre complet (engrain), et au levain de petit épeautre complet.\r\nTerroir AOP des Alpes de Haute Provence\r\nTrès riche en protéine et pauvre en gluten. ingrédients : Farine de Petit Epeautre complet\r\nlevain de Petit Epeautre, \r\neau, sel",
    "prix": 8.02,
    "unite": 1,
    "image_filename": null
  },
  {
    "id": 4339,
    "catalog_file_id": 167,
    "produit": "Pain aux graines Miche 2000 g",
    "description": "Gros pain de 2 kg, très longue cuisson.  ingrédients : Farine de Blé T80, levain de Seigle T170, lin brun, lin doré, tournesol, sésame, pavot, eau, sel",
    "prix": 5.05,
    "unite": 1,
    "image_filename": null
  },
  {
    "id": 4340,
    "catalog_file_id": 167,
    "produit": "Pain de Méteil en Boule 1000 g",
    "description": "Pain rustique mi blé mi seigle au levain de seigle ingrédients : Farine de Blé T80\r\nFarine de Seigle T70\r\neau, sel, levain de seigle",
    "prix": 4.91,
    "unite": 1,
    "image_filename": null
  },
  {
    "id": 4341,
    "catalog_file_id": 167,
    "produit": "Pain au Maïs en petit moules 500 g",
    "description": "Farine de Maïs Ancien Grand Roux Basque\r\nBlé et Graines de tournesol ingrédients : Farine de Maïs\r\nFarine de Blé T65\r\nLevain de Blé, eau, sel\r\nGraines de tournesol\r\nCurcuma",
    "prix": 3.69,
    "unite": 1,
    "image_filename": null
  },
  {
    "id": 4342,
    "catalog_file_id": 167,
    "produit": "Pain Complet Banneton 1000 g",
    "description": "Pain complet riche en fibres et minéraux, sans acide phytique grâce à la longue fermentation au levain. ingrédients : Pain complet riche en fibres et minéraux, sans acide phytique grâce à la longue fermentation au levain.",
    "prix": 4.59,
    "unite": 1,
    "image_filename": null
  },
  {
    "id": 4343,
    "catalog_file_id": 167,
    "produit": "Pain complet Grand Moulé 1300g",
    "description": "Pain complet riche en fibres et minéraux, sans acide phytique grâce à la longue fermentation au levain. ingrédients : Farine de Blé T80, Rémoulage, son fin,  levain de Seigle T170, eau, sel",
    "prix": 4.59,
    "unite": 1,
    "image_filename": null
  },
  {
    "id": 4344,
    "catalog_file_id": 167,
    "produit": "Pain Intégral Grand Moulé 1300 g",
    "description": "Pain au levain de seigle, réalisé avec l'intégralité du grain de blé.  Très riche en fibres et minéraux ingrédients : Farine de Blé T80, Rémoulage, son gros, son fin,  levain de Seigle T170, eau, sel",
    "prix": 4.59,
    "unite": 1,
    "image_filename": null
  },
  {
    "id": 4345,
    "catalog_file_id": 167,
    "produit": "1/2 Focaccia en plaque de 1600 g",
    "description": "Pâte levée italienne, largement bassinée à l'huile d'Olive, vendue en 1/2 plaque de 1600 g de 30cm x 40 cm ingrédients : Farine de Blé T65\r\nlevain dur de blé T55\r\neau, sel, huile d'olive, origan",
    "prix": 9.28,
    "unite": 1,
    "image_filename": null
  },
  {
    "id": 4346,
    "catalog_file_id": 167,
    "produit": "1/2 Focaccia Olives & Tomates",
    "description": "Base de pâte à Focaccia + Olives de kalamata, Tomates séchées, huile d'olive et origan ingrédients : Farine de Blé T65\r\nEau, sel, levain dur de blé T55, \r\nOlives de kalamata, Tomates",
    "prix": 18.4,
    "unite": 1,
    "image_filename": null
  },
  {
    "id": 4347,
    "catalog_file_id": 167,
    "produit": "Focaccia en plaque de 3200 g",
    "description": "Pâte levée italienne, largement bassinée à l'huile d'Olive, vendue en plaque de 3200 g de 60cm x 40 cm ingrédients : Farine de Blé T65\r\nlevain dur de blé T55\r\neau, sel, huile d'olive, origan",
    "prix": 18.57,
    "unite": 1,
    "image_filename": null
  },
  {
    "id": 4348,
    "catalog_file_id": 167,
    "produit": "Pain aux Noix Grand Moulé 1300 g",
    "description": "Un pain aux noix concassées et réhydratées, sur la base du pain de Campagne.  ingrédients : Farine de Blé T80, levain de Seigle T170, Noix, eau, sel",
    "prix": 8.23,
    "unite": 1,
    "image_filename": null
  },
  {
    "id": 4349,
    "catalog_file_id": 167,
    "produit": "Focaccia Olives & Tomates",
    "description": "Base de pâte à Focaccia + Olives de kalamata, Tomates séchées, huile d'olive et origan ingrédients : Farine de Blé T65\r\nEau, sel, levain dur de blé T55, \r\nOlives de kalamata, Tomates",
    "prix": 36.8,
    "unite": 1,
    "image_filename": null
  },
  {
    "id": 4350,
    "catalog_file_id": 167,
    "produit": "Pain de Riz et Sorgho aux graines en petit moule 500 g",
    "description": "Base du pain de riz et Sorgho, \r\nMélange de graines oléagineuses\r\n ingrédients : Farine de Riz\r\nfarine de sorgho\r\neau, sel, levain, huile d'olive\r\n\r\nLin brun, lin doré, pavot, sésame, tournesol.",
    "prix": 4.91,
    "unite": 1,
    "image_filename": null
  },
  {
    "id": 4351,
    "catalog_file_id": 167,
    "produit": "Pain de Riz et Sorgho petit moule 500 g",
    "description": "Farines de Riz et de Sorgho, naturellement sans gluten, Huile d'olive. ingrédients : Farine de Riz\r\nFarine de Sorgho\r\nEau, sel, huile d'olive, levain et levure",
    "prix": 4.59,
    "unite": 1,
    "image_filename": null
  },
  {
    "id": 4352,
    "catalog_file_id": 167,
    "produit": "Brioche 450 g",
    "description": "Brioche au beurre Isigny Sainte Mère AOP et aux oeufs. Pas de lait ni d'eau. ingrédients : Farine de Blé T65, Levain de laitOeufs entiers, beurre Isigny St Mère, sucre de canne, sel, levure ",
    "prix": 6.18,
    "unite": 1,
    "image_filename": null
  },
  {
    "id": 4353,
    "catalog_file_id": 167,
    "produit": "Brioche 900 g",
    "description": "Brioche au beurre Isigny Sainte Mère AOP et aux oeufs. Pas de lait ni d'eau. ingrédients : Farine de Blé T65, \r\nLevain de lait\r\nOeufs entiers, beurre Isigny St Mère, \r\nsucre de canne, sel, levure ",
    "prix": 12.55,
    "unite": 1,
    "image_filename": null
  },
  {
    "id": 4354,
    "catalog_file_id": 167,
    "produit": "Roulé Cannelle 100 g",
    "description": "Sur une base de pain au lait, incorporation d'un beurre cannelle, puis tressage. ingrédients : Farine de Blé T65, lait, oeuf, beurre, sucre, sel, cannelle, levure",
    "prix": 1.69,
    "unite": 1,
    "image_filename": null
  },
  {
    "id": 4355,
    "catalog_file_id": 167,
    "produit": "Brioche Provençale \"Pompe à l'huile\"",
    "description": "Brioche sans beurre ni œuf, dessert traditionnel du diner des apôtres,\r\nNaturellement Vegan ingrédients : Farine de Blé T65\r\nLevain de Blé\r\nEau, sel, levure\r\nHuile d'Olive",
    "prix": 1.58,
    "unite": 1,
    "image_filename": null
  },
  {
    "id": 4356,
    "catalog_file_id": 167,
    "produit": "Bun's Brioché",
    "description": "Pain à Hamburger brioché aux œufs, beurre ingrédients : Farine T65, oeufs, beurre, lait, eau,  œuf, pâte fermentée, levure, sel",
    "prix": 1.06,
    "unite": 1,
    "image_filename": null
  },
  {
    "id": 4357,
    "catalog_file_id": 167,
    "produit": "Cookies Noix-Noisettes-Chocolat",
    "description": "Cookies de 70 g\r\nGénéreusement garni de Noix, Noisettes et Chocolat ingrédients : Farine de Blé T65,\r\nOeufs entier, Beurre Isisgny Ste Mère, Sucre de Canne, \r\nNoix, Noisettes, Chocolat noir 66%\r\nsel, poudre levante",
    "prix": 1,
    "unite": 1,
    "image_filename": null
  },
  {
    "id": 4358,
    "catalog_file_id": 167,
    "produit": "Canistrellis",
    "description": "Biscuits de tradition Corse, à l'anis, huile d'olive et vin blanc ingrédients : Farine de Blé T65,\r\nhuile d'olive, vin blanc, sucre, sel, graines d'anis, poudre levante",
    "prix": 15.56,
    "unite": 1,
    "image_filename": null
  },
  {
    "id": 4359,
    "catalog_file_id": 167,
    "produit": "Brownie",
    "description": "Brownie aux Noix et chocolat noir 66% ingrédients : Farine de Blé T65\r\n Beurre Isigny St Mère, Œuf entier, sucre, noix, sel, poudre levante",
    "prix": 2.69,
    "unite": 1,
    "image_filename": null
  },
  {
    "id": 4360,
    "catalog_file_id": 167,
    "produit": "Cake au citron",
    "description": "Pour les amoureux du citron !\r\nZest de citron, jus de citron, citron confit, sirop de citron. ingrédients : Farine de Blé T65,\r\nCitron jaune\r\nSucre de canne, Œuf entier, beurre Isigny Ste Mère, amidon de Maïs, sel ",
    "prix": 7.91,
    "unite": 1,
    "image_filename": null
  },
  {
    "id": 4361,
    "catalog_file_id": 167,
    "produit": "Pain de Campagne Grand Moulé 1300g",
    "description": "Pain de Campagne cuit en moule rectangulaire. ingrédients : Farine de Blé T80, levain de Seigle T170, eau, sel",
    "prix": 4.43,
    "unite": 1,
    "image_filename": null
  },
  {
    "id": 4362,
    "catalog_file_id": 167,
    "produit": "Pain de Campagne Banneton 1000 g",
    "description": "Pain façonné en banneton osier et cuit à même sur la sole du four. Une croûte profonde et mie ouverte. ingrédients : Farine de Blé T80, levain de Seigle T170, eau, sel",
    "prix": 4.43,
    "unite": 1,
    "image_filename": null
  },
  {
    "id": 4363,
    "catalog_file_id": 167,
    "produit": "Pain de Campagne Grand Moulé 1500g",
    "description": "Pain de Campagne cuit en moule rectangulaire. ingrédients : Farine de Blé T80, levain de Seigle T170, eau, sel",
    "prix": 4.43,
    "unite": 1,
    "image_filename": null
  },
  {
    "id": 4364,
    "catalog_file_id": 167,
    "produit": "Sechskornbröt Petit moulé 500 g",
    "description": "Farine de Seigle Complet Blé semi complet Levain de seigle Sel et eau Tournesol, flocon d'avoine, lin brun, lin doré, graines de courge",
    "prix": 2.95,
    "unite": 1,
    "image_filename": null
  },
  {
    "id": 4365,
    "catalog_file_id": 168,
    "produit": "Pain aux graines Miche 2000 g",
    "description": "Gros pain de 2 kg, très longue cuisson.  ingrédients : Farine de Blé T80, levain de Seigle T170, lin brun, lin doré, tournesol, sésame, pavot, eau, sel",
    "prix": 5.05,
    "unite": 1,
    "image_filename": null
  },
  {
    "id": 4366,
    "catalog_file_id": 168,
    "produit": "Pain de Campagne Miche 2000 g",
    "description": "Gros pain de 2 kg, très longue cuisson.  ingrédients : Farine de Blé T80, levain de Seigle T170, eau, sel",
    "prix": 4.43,
    "unite": 1,
    "image_filename": null
  },
  {
    "id": 4367,
    "catalog_file_id": 168,
    "produit": "Pain de Campagne Moule Fermé 1500 g",
    "description": "Pain de Campagne cuit en moule fermé.\r\nIl a une forme parfaitement rectangulaire, et très peu de croûte ingrédients : Farine de Blé T80, levain de Seigle T170, eau, sel",
    "prix": 4.43,
    "unite": 1,
    "image_filename": null
  },
  {
    "id": 4368,
    "catalog_file_id": 168,
    "produit": "Petit Epeautre petit moule 500 g",
    "description": "Pain à la farine de Petit épeautre complet (engrain), et au levain de petit épeautre complet.\r\nTerroir AOP des Alpes de Haute Provence\r\nTrès riche en protéine et pauvre en gluten. ingrédients : Farine de Petit Epeautre complet\r\nlevain de Petit Epeautre, \r\neau, sel",
    "prix": 3.8,
    "unite": 1,
    "image_filename": null
  },
  {
    "id": 4369,
    "catalog_file_id": 168,
    "produit": "Pain de Riz et Sorgho petit moule 500 g",
    "description": "Farines de Riz et de Sorgho, naturellement sans gluten, Huile d'olive. ingrédients : Farine de Riz\r\nFarine de Sorgho\r\nEau, sel, huile d'olive, levain et levure",
    "prix": 4.59,
    "unite": 1,
    "image_filename": null
  },
  {
    "id": 4370,
    "catalog_file_id": 168,
    "produit": "Pain complet Grand Moulé 1300g",
    "description": "Pain complet riche en fibres et minéraux, sans acide phytique grâce à la longue fermentation au levain. ingrédients : Farine de Blé T80, Rémoulage, son fin,  levain de Seigle T170, eau, sel",
    "prix": 4.59,
    "unite": 1,
    "image_filename": null
  },
  {
    "id": 4371,
    "catalog_file_id": 168,
    "produit": "Pain aux graines Banneton 1000g",
    "description": "Pain façonné en banneton osier et cuit à même sur la sole du four. Une croûte profonde et mie ouverte. ingrédients : Farine de Blé T80, levain de Seigle T170, lin brun, lin doré, tournesol, sésame, pavot, eau, sel",
    "prix": 5.05,
    "unite": 1,
    "image_filename": null
  },
  {
    "id": 4372,
    "catalog_file_id": 168,
    "produit": "Pain Généreux Grand Moulé 1300g",
    "description": "Pain aux fruits sec et fruits à coque, enveloppé dans des flocons d'avoine. ingrédients : Farine de Blé T80, levain de Seigle T170, Noisettes, Abricots, raisins de corinthe, flocons d'avoines, graines de courge, eau, sel",
    "prix": 6.7,
    "unite": 1,
    "image_filename": null
  },
  {
    "id": 4373,
    "catalog_file_id": 168,
    "produit": "Petit Epeautre Grand  moule 1300 g",
    "description": "Pain à la farine de Petit épeautre complet (engrain), et au levain de petit épeautre complet.\r\nTerroir AOP des Alpes de Haute Provence\r\nTrès riche en protéine et pauvre en gluten. ingrédients : Farine de Petit Epeautre complet\r\nlevain de Petit Epeautre, \r\neau, sel",
    "prix": 8.02,
    "unite": 1,
    "image_filename": null
  },
  {
    "id": 4374,
    "catalog_file_id": 168,
    "produit": "Pain Complet Banneton 1000 g",
    "description": "Pain complet riche en fibres et minéraux, sans acide phytique grâce à la longue fermentation au levain. ingrédients : Pain complet riche en fibres et minéraux, sans acide phytique grâce à la longue fermentation au levain.",
    "prix": 4.59,
    "unite": 1,
    "image_filename": null
  },
  {
    "id": 4375,
    "catalog_file_id": 168,
    "produit": "Pain aux Noix Grand Moulé 1300 g",
    "description": "Un pain aux noix concassées et réhydratées, sur la base du pain de Campagne.  ingrédients : Farine de Blé T80, levain de Seigle T170, Noix, eau, sel",
    "prix": 8.23,
    "unite": 1,
    "image_filename": null
  },
  {
    "id": 4376,
    "catalog_file_id": 168,
    "produit": "Pain au Maïs en petit moules 500 g",
    "description": "Farine de Maïs Ancien Grand Roux Basque\r\nBlé et Graines de tournesol ingrédients : Farine de Maïs\r\nFarine de Blé T65\r\nLevain de Blé, eau, sel\r\nGraines de tournesol\r\nCurcuma",
    "prix": 3.69,
    "unite": 1,
    "image_filename": null
  },
  {
    "id": 4377,
    "catalog_file_id": 168,
    "produit": "Pain Intégral Grand Moulé 1300 g",
    "description": "Pain au levain de seigle, réalisé avec l'intégralité du grain de blé.  Très riche en fibres et minéraux ingrédients : Farine de Blé T80, Rémoulage, son gros, son fin,  levain de Seigle T170, eau, sel",
    "prix": 4.59,
    "unite": 1,
    "image_filename": null
  },
  {
    "id": 4378,
    "catalog_file_id": 168,
    "produit": "Brioche 900 g",
    "description": "Brioche au beurre Isigny Sainte Mère AOP et aux oeufs. Pas de lait ni d'eau. ingrédients : Farine de Blé T65, \r\nLevain de lait\r\nOeufs entiers, beurre Isigny St Mère, \r\nsucre de canne, sel, levure ",
    "prix": 12.55,
    "unite": 1,
    "image_filename": null
  },
  {
    "id": 4379,
    "catalog_file_id": 168,
    "produit": "Brioche 450 g",
    "description": "Brioche au beurre Isigny Sainte Mère AOP et aux oeufs. Pas de lait ni d'eau. ingrédients : Farine de Blé T65, Levain de laitOeufs entiers, beurre Isigny St Mère, sucre de canne, sel, levure ",
    "prix": 6.18,
    "unite": 1,
    "image_filename": null
  },
  {
    "id": 4380,
    "catalog_file_id": 168,
    "produit": "Pain de Riz et Sorgho aux graines en petit moule 500 g",
    "description": "Base du pain de riz et Sorgho, \r\nMélange de graines oléagineuses\r\n ingrédients : Farine de Riz\r\nfarine de sorgho\r\neau, sel, levain, huile d'olive\r\n\r\nLin brun, lin doré, pavot, sésame, tournesol.",
    "prix": 4.91,
    "unite": 1,
    "image_filename": null
  },
  {
    "id": 4381,
    "catalog_file_id": 168,
    "produit": "Shokupan 500 g",
    "description": "Pain de Mie de tradition Japonaise réalisée sur 3 pâtes et au levain de Panettone. \r\nConservation exceptionnelle de 10 jours sous film.\r\n10cm x 10cm x 19 cm ingrédients : Farine de Blé T55,\r\nLevain de Panettone\r\nLait, eau, sucre de canne, beurre isigny sainte mère,\r\nsel",
    "prix": 4.85,
    "unite": 1,
    "image_filename": null
  },
  {
    "id": 4382,
    "catalog_file_id": 168,
    "produit": "Brioche Provençale \"Pompe à l'huile\"",
    "description": "Brioche sans beurre ni œuf, dessert traditionnel du diner des apôtres,\r\nNaturellement Vegan ingrédients : Farine de Blé T65\r\nLevain de Blé\r\nEau, sel, levure\r\nHuile d'Olive",
    "prix": 1.58,
    "unite": 1,
    "image_filename": null
  },
  {
    "id": 4383,
    "catalog_file_id": 168,
    "produit": "Roulé Cannelle 100 g",
    "description": "Sur une base de pain au lait, incorporation d'un beurre cannelle, puis tressage. ingrédients : Farine de Blé T65, lait, oeuf, beurre, sucre, sel, cannelle, levure",
    "prix": 1.69,
    "unite": 1,
    "image_filename": null
  },
  {
    "id": 4384,
    "catalog_file_id": 168,
    "produit": "Shokupan 1400 g",
    "description": "Pain de Mie de tradition Japonaise réalisée sur 3 pâtes et au levain de Panettone. \r\nConservation exceptionnelle de 10 jours sous film.\r\n11cm x 11cm x 36 cm ingrédients : Farine de Blé T55,\r\nLevain de Panettone\r\nLait, eau, sucre de canne, beurre isigny sainte mère,\r\nsel",
    "prix": 11.92,
    "unite": 1,
    "image_filename": null
  },
  {
    "id": 4385,
    "catalog_file_id": 168,
    "produit": "Crackers",
    "description": "Crackers au levain de seigle et graines oléagineuses, huile d'olive, origan ingrédients : Farine de Blé T80\r\nFarine de Seigle T170\r\neau, sel, Lin Brun, Lin doré, Pavot, Sésame , Tournesol, Huile d'Olive, Origan",
    "prix": 15.09,
    "unite": 1,
    "image_filename": null
  },
  {
    "id": 4386,
    "catalog_file_id": 168,
    "produit": "Cookies Noix-Noisettes-Chocolat",
    "description": "Cookies de 70 g\r\nGénéreusement garni de Noix, Noisettes et Chocolat ingrédients : Farine de Blé T65,\r\nOeufs entier, Beurre Isisgny Ste Mère, Sucre de Canne, \r\nNoix, Noisettes, Chocolat noir 66%\r\nsel, poudre levante",
    "prix": 1,
    "unite": 1,
    "image_filename": null
  },
  {
    "id": 4387,
    "catalog_file_id": 168,
    "produit": "Canistrellis",
    "description": "Biscuits de tradition Corse, à l'anis, huile d'olive et vin blanc ingrédients : Farine de Blé T65,\r\nhuile d'olive, vin blanc, sucre, sel, graines d'anis, poudre levante",
    "prix": 15.56,
    "unite": 1,
    "image_filename": null
  },
  {
    "id": 4388,
    "catalog_file_id": 168,
    "produit": "Brownie",
    "description": "Brownie aux Noix et chocolat noir 66% ingrédients : Farine de Blé T65\r\n Beurre Isigny St Mère, Œuf entier, sucre, noix, sel, poudre levante",
    "prix": 2.69,
    "unite": 1,
    "image_filename": null
  },
  {
    "id": 4389,
    "catalog_file_id": 168,
    "produit": "Pain de Campagne Grand Moulé 1300g",
    "description": "Pain de Campagne cuit en moule rectangulaire. ingrédients : Farine de Blé T80, levain de Seigle T170, eau, sel",
    "prix": 4.43,
    "unite": 1,
    "image_filename": null
  },
  {
    "id": 4390,
    "catalog_file_id": 168,
    "produit": "Cake au citron",
    "description": "Pour les amoureux du citron !\r\nZest de citron, jus de citron, citron confit, sirop de citron. ingrédients : Farine de Blé T65,\r\nCitron jaune\r\nSucre de canne, Œuf entier, beurre Isigny Ste Mère, amidon de Maïs, sel ",
    "prix": 7.91,
    "unite": 1,
    "image_filename": null
  },
  {
    "id": 4391,
    "catalog_file_id": 168,
    "produit": "Pain de Campagne Banneton 1000 g",
    "description": "Pain façonné en banneton osier et cuit à même sur la sole du four. Une croûte profonde et mie ouverte. ingrédients : Farine de Blé T80, levain de Seigle T170, eau, sel",
    "prix": 4.43,
    "unite": 1,
    "image_filename": null
  },
  {
    "id": 4392,
    "catalog_file_id": 168,
    "produit": "Pain de Campagne Grand Moulé 1500g",
    "description": "Pain de Campagne cuit en moule rectangulaire. ingrédients : Farine de Blé T80, levain de Seigle T170, eau, sel",
    "prix": 4.43,
    "unite": 1,
    "image_filename": null
  },
  {
    "id": 4393,
    "catalog_file_id": 168,
    "produit": "Sechskornbröt Petit moulé 500 g",
    "description": "Farine de Seigle Complet Blé semi complet Levain de seigle Sel et eau Tournesol, flocon d'avoine, lin brun, lin doré, graines de courge",
    "prix": 2.95,
    "unite": 1,
    "image_filename": null
  },
  {
    "id": 4394,
    "catalog_file_id": 168,
    "produit": "Pain aux graines Grand Moulé 1300g",
    "description": "Pain aux graines oléagineuses sur base de pain de campagne.  ingrédients : Farine de Blé T80, levain de Seigle T170, lin brun, lin doré, tournesol, sésame, pavot, eau, sel",
    "prix": 5.05,
    "unite": 1,
    "image_filename": null
  },
  {
    "id": 4399,
    "catalog_file_id": 173,
    "produit": "Steak haché surgelé (12)",
    "description": "12 SH à 22 LE KG",
    "prix": 33,
    "unite": 1,
    "image_filename": null
  },
  {
    "id": 4400,
    "catalog_file_id": 173,
    "produit": "blanquette de veau",
    "description": "bocal de 750 g",
    "prix": 15,
    "unite": 1,
    "image_filename": null
  },
  {
    "id": 4401,
    "catalog_file_id": 173,
    "produit": "colis boeuf",
    "description": "colis 7 à 8 KG environ prix 22 € / KG  \r\n- partie fixe (entrecôte, faux filet, rôti, rumsteak )\r\n- partie au choix 3 KG  à préciser  ( bourguignon ou/et jarret ou/et merguez ou/et steaks hachés surgelés)",
    "prix": 165,
    "unite": 1,
    "image_filename": null
  },
  {
    "id": 4402,
    "catalog_file_id": 173,
    "produit": "Colis de veau",
    "description": "colis environ 6 KG prix 20,30 € / kg\r\nrôti, côtes filets, côtes découvertes, escalopes, poitrine, sauté, saucisse pur veau",
    "prix": 121,
    "unite": 1,
    "image_filename": null
  },
  {
    "id": 4403,
    "catalog_file_id": 173,
    "produit": "axoa de veau au piment d'Espelette",
    "description": "bocal de 750 g",
    "prix": 15,
    "unite": 1,
    "image_filename": null
  },
  {
    "id": 4404,
    "catalog_file_id": 173,
    "produit": "daube de boeuf",
    "description": "bocal de 750 g",
    "prix": 15,
    "unite": 1,
    "image_filename": null
  },
  {
    "id": 4414,
    "catalog_file_id": 179,
    "produit": "paquet de 2 cuisses de poulet",
    "description": "8,70 €/kg   400g",
    "prix": 3.48,
    "unite": 1,
    "image_filename": null
  },
  {
    "id": 4415,
    "catalog_file_id": 179,
    "produit": "poulet entier (moyen)",
    "description": "7,50 €/KG    pour 1kg700",
    "prix": 12.75,
    "unite": 1,
    "image_filename": null
  },
  {
    "id": 4416,
    "catalog_file_id": 179,
    "produit": "Coquelet ",
    "description": "8,10 €/kg    pour 850 g",
    "prix": 6.88,
    "unite": 1,
    "image_filename": null
  },
  {
    "id": 4417,
    "catalog_file_id": 179,
    "produit": "pintade",
    "description": "9 €/kg   pour 1kg500",
    "prix": 13.5,
    "unite": 1,
    "image_filename": null
  },
  {
    "id": 4418,
    "catalog_file_id": 179,
    "produit": "Ailes de poulets",
    "description": "Paquet de 6 ailes",
    "prix": 4.8,
    "unite": 1,
    "image_filename": null
  },
  {
    "id": 4419,
    "catalog_file_id": 180,
    "produit": "Araignee de porc  La ferme d'Arracq",
    "description": " Sous vide environ 300 G ",
    "prix": 5.64,
    "unite": 1,
    "image_filename": null
  },
  {
    "id": 4420,
    "catalog_file_id": 180,
    "produit": "Filet mignon La ferme d'Arracq",
    "description": " Sous vide environ 600 G ",
    "prix": 10.7,
    "unite": 1,
    "image_filename": null
  },
  {
    "id": 4421,
    "catalog_file_id": 180,
    "produit": "Saucisse de Toulouse par 3 La Ferme d'Arracq",
    "description": "Sous vide environ 250 G ",
    "prix": 3.59,
    "unite": 1,
    "image_filename": null
  },
  {
    "id": 4422,
    "catalog_file_id": 180,
    "produit": "Cote de porc par 3 La ferme d'Arracq",
    "description": " Sous vide environ 600 G ",
    "prix": 7.63,
    "unite": 1,
    "image_filename": null
  },
  {
    "id": 4423,
    "catalog_file_id": 180,
    "produit": "Chair à saucisse La ferme d'Arracq",
    "description": "Sous vide environ 500 G ",
    "prix": 5.95,
    "unite": 1,
    "image_filename": null
  },
  {
    "id": 4424,
    "catalog_file_id": 180,
    "produit": "Txitorra par 5 La ferme d'Arracq",
    "description": "sous vide environ 350 G ",
    "prix": 5.02,
    "unite": 1,
    "image_filename": null
  },
  {
    "id": 4425,
    "catalog_file_id": 180,
    "produit": "Poitrine de porc tranchée par 5 La Ferme d'Arracq",
    "description": "Sous vide environ 250 G ",
    "prix": 2.74,
    "unite": 1,
    "image_filename": null
  },
  {
    "id": 4426,
    "catalog_file_id": 180,
    "produit": "Coustou frais La ferme d'Arracq",
    "description": "Sous vide environ 500 G ",
    "prix": 3.82,
    "unite": 1,
    "image_filename": null
  },
  {
    "id": 4427,
    "catalog_file_id": 180,
    "produit": "Lardons frais La ferme d'Arracq",
    "description": " Sous vide environ 200 G ",
    "prix": 2.67,
    "unite": 1,
    "image_filename": null
  },
  {
    "id": 4428,
    "catalog_file_id": 180,
    "produit": "jambon blanc cuit  4 tranches La ferme d'Arracq",
    "description": "sous vide environ 200 G",
    "prix": 5.99,
    "unite": 1,
    "image_filename": null
  },
  {
    "id": 4429,
    "catalog_file_id": 180,
    "produit": "colis de porc  bio 10 KG",
    "description": "1KG  de chipolatas, poitrine tranchée, saucisses de Toulouse, chair à saucisse, coustou\r\n2X1KG de cotes de porc, 2X1KG sauté de porc,600 G de jarret, 2X200G lardons",
    "prix": 140,
    "unite": 1,
    "image_filename": null
  },
  {
    "id": 4430,
    "catalog_file_id": 180,
    "produit": "colis de porc frais",
    "description": "1 kg de chipolatas, côtes , poitrine tranchée, saucisses de Toulouse, sauté.",
    "prix": 70,
    "unite": 1,
    "image_filename": null
  },
  {
    "id": 4431,
    "catalog_file_id": 180,
    "produit": "colis de porc bio prenium 5 KG",
    "description": "2X300 g d'araignée, 1kg200  côte de porc, 1kg200 filet mignon, 1 kg joue de porc, 1 kg rouelle",
    "prix": 95,
    "unite": 1,
    "image_filename": null
  },
  {
    "id": 4432,
    "catalog_file_id": 180,
    "produit": "Sauté ",
    "description": "Sous vide environ 500g",
    "prix": 6.38,
    "unite": 1,
    "image_filename": null
  },
  {
    "id": 4433,
    "catalog_file_id": 180,
    "produit": "Jambon de Bayonne tranché ",
    "description": "Sous vide environ 150 g",
    "prix": 5.67,
    "unite": 1,
    "image_filename": null
  },
  {
    "id": 4434,
    "catalog_file_id": 180,
    "produit": "Rôti ",
    "description": "Sous vide environ 800g",
    "prix": 23.12,
    "unite": 1,
    "image_filename": null
  },
  {
    "id": 4435,
    "catalog_file_id": 180,
    "produit": "Jambon de Bayonne en quart",
    "description": "Sous vide environ 1kg500",
    "prix": 39.12,
    "unite": 1,
    "image_filename": null
  },
  {
    "id": 4436,
    "catalog_file_id": 180,
    "produit": "Coppa tranchée",
    "description": "Sous vide 100g",
    "prix": 3.93,
    "unite": 1,
    "image_filename": null
  },
  {
    "id": 4437,
    "catalog_file_id": 180,
    "produit": "Lomo séché tranché",
    "description": "Sous vide 100g",
    "prix": 3.93,
    "unite": 1,
    "image_filename": null
  },
  {
    "id": 4438,
    "catalog_file_id": 180,
    "produit": "Saucisson",
    "description": "190 g à 25,66 €/kg",
    "prix": 4.88,
    "unite": 1,
    "image_filename": null
  },
  {
    "id": 4439,
    "catalog_file_id": 180,
    "produit": "Boudin ",
    "description": "bocal 190 g ",
    "prix": 4.04,
    "unite": 1,
    "image_filename": null
  },
  {
    "id": 4440,
    "catalog_file_id": 180,
    "produit": "Pâté armagnac",
    "description": "bocal 190 g ",
    "prix": 4.15,
    "unite": 1,
    "image_filename": null
  },
  {
    "id": 4441,
    "catalog_file_id": 180,
    "produit": "Pâté de tête - Hure",
    "description": "bocal 190 g ",
    "prix": 4.15,
    "unite": 1,
    "image_filename": null
  },
  {
    "id": 4442,
    "catalog_file_id": 180,
    "produit": "Pâté campagne",
    "description": "bocal 190 g ",
    "prix": 4,
    "unite": 1,
    "image_filename": null
  },
  {
    "id": 4443,
    "catalog_file_id": 180,
    "produit": "Pâté piment",
    "description": "bocal 190 g ",
    "prix": 4.07,
    "unite": 1,
    "image_filename": null
  },
  {
    "id": 4444,
    "catalog_file_id": 180,
    "produit": "Rillettes",
    "description": "bocal 190 g ",
    "prix": 4.16,
    "unite": 1,
    "image_filename": null
  },
  {
    "id": 4445,
    "catalog_file_id": 180,
    "produit": "Lardons séchés La ferme d'Arracq",
    "description": "Sous vide environ 200 G \r\n ",
    "prix": 3.54,
    "unite": 1,
    "image_filename": null
  },
  {
    "id": 4446,
    "catalog_file_id": 180,
    "produit": "Chipolata par 5 La ferme d'Arracq",
    "description": "Sous vide environ 350 G ",
    "prix": 5.02,
    "unite": 1,
    "image_filename": null
  },
  {
    "id": 4447,
    "catalog_file_id": 180,
    "produit": "graisserons",
    "description": "pot de 190 gr",
    "prix": 3.94,
    "unite": 1,
    "image_filename": null
  },
  {
    "id": 4448,
    "catalog_file_id": 180,
    "produit": "Boudin noir boyaux",
    "description": "sous vide 240 gr env. 14,35/kg",
    "prix": 3.45,
    "unite": 1,
    "image_filename": null
  },
  {
    "id": 4449,
    "catalog_file_id": 180,
    "produit": "joue",
    "description": "sous vide 250 gr   11,82/kg",
    "prix": 2.96,
    "unite": 1,
    "image_filename": null
  },
  {
    "id": 4450,
    "catalog_file_id": 180,
    "produit": "jarret",
    "description": "sous vide 1kg environ",
    "prix": 13.42,
    "unite": 1,
    "image_filename": null
  },
  {
    "id": 4451,
    "catalog_file_id": 180,
    "produit": "rouelle",
    "description": "sous vide 1kg env",
    "prix": 16.83,
    "unite": 1,
    "image_filename": null
  },
  {
    "id": 4460,
    "catalog_file_id": 182,
    "produit": "1 Pave de truite",
    "description": "1x 120 g environ / 25.20 le kilo",
    "prix": 3,
    "unite": 1,
    "image_filename": null
  },
  {
    "id": 4461,
    "catalog_file_id": 182,
    "produit": "1 Filet de truite",
    "description": "Filet entier au prix de 25.20 le kg",
    "prix": 25.2,
    "unite": 1,
    "image_filename": null
  },
  {
    "id": 4462,
    "catalog_file_id": 182,
    "produit": "oeufs de truite truchetet_Unite_",
    "description": "oeufs de truite",
    "prix": 7.6,
    "unite": 1,
    "image_filename": null
  },
  {
    "id": 4463,
    "catalog_file_id": 182,
    "produit": "Truite entiere truchetet_Kilo_",
    "description": "Truite entiere de septembre à décembre 2025  1.5 kg/ 2kg",
    "prix": 15.2,
    "unite": 1,
    "image_filename": null
  },
  {
    "id": 4464,
    "catalog_file_id": 182,
    "produit": "Truite fumee paquet 150g truchetet_Unite_",
    "description": "Truite fumee paquet 150g",
    "prix": 8.5,
    "unite": 1,
    "image_filename": null
  },
  {
    "id": 4465,
    "catalog_file_id": 182,
    "produit": "Truite fumee paquet 250g_ truchetet_Unite_",
    "description": "Truite fumee paquet 250g",
    "prix": 13.8,
    "unite": 1,
    "image_filename": null
  },
  {
    "id": 4466,
    "catalog_file_id": 182,
    "produit": "2 pavés de truite",
    "description": "2 x 120 g environ / 25,20 € le kg",
    "prix": 6,
    "unite": 1,
    "image_filename": null
  },
  {
    "id": 4467,
    "catalog_file_id": 182,
    "produit": "3 pavés de truite",
    "description": "3 x 120 g environ / 25,20 le kg",
    "prix": 9,
    "unite": 1,
    "image_filename": null
  },
  {
    "id": 4468,
    "catalog_file_id": 182,
    "produit": "4 pavés de truite",
    "description": "4 x 120 g environ / 25,20 € le kg",
    "prix": 12,
    "unite": 1,
    "image_filename": null
  },
  {
    "id": 4469,
    "catalog_file_id": 182,
    "produit": "5 pavés de truite ",
    "description": "5 x 120 g environ / 25, 20 le kg",
    "prix": 15,
    "unite": 1,
    "image_filename": null
  },
  {
    "id": 4504,
    "catalog_file_id": 184,
    "produit": "Pain aux graines Miche 2000 g",
    "description": "Gros pain de 2 kg, très longue cuisson.  ingrédients : Farine de Blé T80, levain de Seigle T170, lin brun, lin doré, tournesol, sésame, pavot, eau, sel",
    "prix": 5.05,
    "unite": 1,
    "image_filename": null
  },
  {
    "id": 4505,
    "catalog_file_id": 184,
    "produit": "Pain de Campagne Miche 2000 g",
    "description": "Gros pain de 2 kg, très longue cuisson.  ingrédients : Farine de Blé T80, levain de Seigle T170, eau, sel",
    "prix": 4.43,
    "unite": 1,
    "image_filename": null
  },
  {
    "id": 4506,
    "catalog_file_id": 184,
    "produit": "Pain de Campagne Moule Fermé 1500 g",
    "description": "Pain de Campagne cuit en moule fermé.\r\nIl a une forme parfaitement rectangulaire, et très peu de croûte ingrédients : Farine de Blé T80, levain de Seigle T170, eau, sel",
    "prix": 4.43,
    "unite": 1,
    "image_filename": null
  },
  {
    "id": 4507,
    "catalog_file_id": 184,
    "produit": "Petit Epeautre petit moule 500 g",
    "description": "Pain à la farine de Petit épeautre complet (engrain), et au levain de petit épeautre complet.\r\nTerroir AOP des Alpes de Haute Provence\r\nTrès riche en protéine et pauvre en gluten. ingrédients : Farine de Petit Epeautre complet\r\nlevain de Petit Epeautre, \r\neau, sel",
    "prix": 3.8,
    "unite": 1,
    "image_filename": null
  },
  {
    "id": 4508,
    "catalog_file_id": 184,
    "produit": "Pain de Riz et Sorgho petit moule 500 g",
    "description": "Farines de Riz et de Sorgho, naturellement sans gluten, Huile d'olive. ingrédients : Farine de Riz\r\nFarine de Sorgho\r\nEau, sel, huile d'olive, levain et levure",
    "prix": 4.59,
    "unite": 1,
    "image_filename": null
  },
  {
    "id": 4509,
    "catalog_file_id": 184,
    "produit": "Pain complet Grand Moulé 1300g",
    "description": "Pain complet riche en fibres et minéraux, sans acide phytique grâce à la longue fermentation au levain. ingrédients : Farine de Blé T80, Rémoulage, son fin,  levain de Seigle T170, eau, sel",
    "prix": 4.59,
    "unite": 1,
    "image_filename": null
  },
  {
    "id": 4510,
    "catalog_file_id": 184,
    "produit": "Pain aux graines Banneton 1000g",
    "description": "Pain façonné en banneton osier et cuit à même sur la sole du four. Une croûte profonde et mie ouverte. ingrédients : Farine de Blé T80, levain de Seigle T170, lin brun, lin doré, tournesol, sésame, pavot, eau, sel",
    "prix": 5.05,
    "unite": 1,
    "image_filename": null
  },
  {
    "id": 4511,
    "catalog_file_id": 184,
    "produit": "Pain Généreux Grand Moulé 1300g",
    "description": "Pain aux fruits sec et fruits à coque, enveloppé dans des flocons d'avoine. ingrédients : Farine de Blé T80, levain de Seigle T170, Noisettes, Abricots, raisins de corinthe, flocons d'avoines, graines de courge, eau, sel",
    "prix": 6.7,
    "unite": 1,
    "image_filename": null
  },
  {
    "id": 4512,
    "catalog_file_id": 184,
    "produit": "Petit Epeautre Grand  moule 1300 g",
    "description": "Pain à la farine de Petit épeautre complet (engrain), et au levain de petit épeautre complet.\r\nTerroir AOP des Alpes de Haute Provence\r\nTrès riche en protéine et pauvre en gluten. ingrédients : Farine de Petit Epeautre complet\r\nlevain de Petit Epeautre, \r\neau, sel",
    "prix": 8.02,
    "unite": 1,
    "image_filename": null
  },
  {
    "id": 4513,
    "catalog_file_id": 184,
    "produit": "Pain Complet Banneton 1000 g",
    "description": "Pain complet riche en fibres et minéraux, sans acide phytique grâce à la longue fermentation au levain. ingrédients : Pain complet riche en fibres et minéraux, sans acide phytique grâce à la longue fermentation au levain.",
    "prix": 4.59,
    "unite": 1,
    "image_filename": null
  },
  {
    "id": 4514,
    "catalog_file_id": 184,
    "produit": "Pain aux Noix Grand Moulé 1300 g",
    "description": "Un pain aux noix concassées et réhydratées, sur la base du pain de Campagne.  ingrédients : Farine de Blé T80, levain de Seigle T170, Noix, eau, sel",
    "prix": 8.23,
    "unite": 1,
    "image_filename": null
  },
  {
    "id": 4515,
    "catalog_file_id": 184,
    "produit": "Pain au Maïs en petit moules 500 g",
    "description": "Farine de Maïs Ancien Grand Roux Basque\r\nBlé et Graines de tournesol ingrédients : Farine de Maïs\r\nFarine de Blé T65\r\nLevain de Blé, eau, sel\r\nGraines de tournesol\r\nCurcuma",
    "prix": 3.69,
    "unite": 1,
    "image_filename": null
  },
  {
    "id": 4516,
    "catalog_file_id": 184,
    "produit": "Pain Intégral Grand Moulé 1300 g",
    "description": "Pain au levain de seigle, réalisé avec l'intégralité du grain de blé.  Très riche en fibres et minéraux ingrédients : Farine de Blé T80, Rémoulage, son gros, son fin,  levain de Seigle T170, eau, sel",
    "prix": 4.59,
    "unite": 1,
    "image_filename": null
  },
  {
    "id": 4517,
    "catalog_file_id": 184,
    "produit": "Brioche 900 g",
    "description": "Brioche au beurre Isigny Sainte Mère AOP et aux oeufs. Pas de lait ni d'eau. ingrédients : Farine de Blé T65, \r\nLevain de lait\r\nOeufs entiers, beurre Isigny St Mère, \r\nsucre de canne, sel, levure ",
    "prix": 12.55,
    "unite": 1,
    "image_filename": null
  },
  {
    "id": 4518,
    "catalog_file_id": 184,
    "produit": "Brioche 450 g",
    "description": "Brioche au beurre Isigny Sainte Mère AOP et aux oeufs. Pas de lait ni d'eau. ingrédients : Farine de Blé T65, Levain de laitOeufs entiers, beurre Isigny St Mère, sucre de canne, sel, levure ",
    "prix": 6.18,
    "unite": 1,
    "image_filename": null
  },
  {
    "id": 4519,
    "catalog_file_id": 184,
    "produit": "Pain de Riz et Sorgho aux graines en petit moule 500 g",
    "description": "Base du pain de riz et Sorgho, \r\nMélange de graines oléagineuses\r\n ingrédients : Farine de Riz\r\nfarine de sorgho\r\neau, sel, levain, huile d'olive\r\n\r\nLin brun, lin doré, pavot, sésame, tournesol.",
    "prix": 4.91,
    "unite": 1,
    "image_filename": null
  },
  {
    "id": 4520,
    "catalog_file_id": 184,
    "produit": "Shokupan 500 g",
    "description": "Pain de Mie de tradition Japonaise réalisée sur 3 pâtes et au levain de Panettone. \r\nConservation exceptionnelle de 10 jours sous film.\r\n10cm x 10cm x 19 cm ingrédients : Farine de Blé T55,\r\nLevain de Panettone\r\nLait, eau, sucre de canne, beurre isigny sainte mère,\r\nsel",
    "prix": 4.85,
    "unite": 1,
    "image_filename": null
  },
  {
    "id": 4521,
    "catalog_file_id": 184,
    "produit": "Brioche Provençale \"Pompe à l'huile\"",
    "description": "Brioche sans beurre ni œuf, dessert traditionnel du diner des apôtres,\r\nNaturellement Vegan ingrédients : Farine de Blé T65\r\nLevain de Blé\r\nEau, sel, levure\r\nHuile d'Olive",
    "prix": 1.58,
    "unite": 1,
    "image_filename": null
  },
  {
    "id": 4522,
    "catalog_file_id": 184,
    "produit": "Roulé Cannelle 100 g",
    "description": "Sur une base de pain au lait, incorporation d'un beurre cannelle, puis tressage. ingrédients : Farine de Blé T65, lait, oeuf, beurre, sucre, sel, cannelle, levure",
    "prix": 1.69,
    "unite": 1,
    "image_filename": null
  },
  {
    "id": 4523,
    "catalog_file_id": 184,
    "produit": "Shokupan 1400 g",
    "description": "Pain de Mie de tradition Japonaise réalisée sur 3 pâtes et au levain de Panettone. \r\nConservation exceptionnelle de 10 jours sous film.\r\n11cm x 11cm x 36 cm ingrédients : Farine de Blé T55,\r\nLevain de Panettone\r\nLait, eau, sucre de canne, beurre isigny sainte mère,\r\nsel",
    "prix": 11.92,
    "unite": 1,
    "image_filename": null
  },
  {
    "id": 4524,
    "catalog_file_id": 184,
    "produit": "Crackers",
    "description": "Crackers au levain de seigle et graines oléagineuses, huile d'olive, origan ingrédients : Farine de Blé T80\r\nFarine de Seigle T170\r\neau, sel, Lin Brun, Lin doré, Pavot, Sésame , Tournesol, Huile d'Olive, Origan",
    "prix": 15.09,
    "unite": 1,
    "image_filename": null
  },
  {
    "id": 4525,
    "catalog_file_id": 184,
    "produit": "Cookies Noix-Noisettes-Chocolat",
    "description": "Cookies de 70 g\r\nGénéreusement garni de Noix, Noisettes et Chocolat ingrédients : Farine de Blé T65,\r\nOeufs entier, Beurre Isisgny Ste Mère, Sucre de Canne, \r\nNoix, Noisettes, Chocolat noir 66%\r\nsel, poudre levante",
    "prix": 1,
    "unite": 1,
    "image_filename": null
  },
  {
    "id": 4526,
    "catalog_file_id": 184,
    "produit": "Canistrellis",
    "description": "Biscuits de tradition Corse, à l'anis, huile d'olive et vin blanc ingrédients : Farine de Blé T65,\r\nhuile d'olive, vin blanc, sucre, sel, graines d'anis, poudre levante",
    "prix": 15.56,
    "unite": 1,
    "image_filename": null
  },
  {
    "id": 4527,
    "catalog_file_id": 184,
    "produit": "Brownie",
    "description": "Brownie aux Noix et chocolat noir 66% ingrédients : Farine de Blé T65\r\n Beurre Isigny St Mère, Œuf entier, sucre, noix, sel, poudre levante",
    "prix": 2.69,
    "unite": 1,
    "image_filename": null
  },
  {
    "id": 4528,
    "catalog_file_id": 184,
    "produit": "Pain de Campagne Grand Moulé 1300g",
    "description": "Pain de Campagne cuit en moule rectangulaire. ingrédients : Farine de Blé T80, levain de Seigle T170, eau, sel",
    "prix": 4.43,
    "unite": 1,
    "image_filename": null
  },
  {
    "id": 4529,
    "catalog_file_id": 184,
    "produit": "Cake au citron",
    "description": "Pour les amoureux du citron !\r\nZest de citron, jus de citron, citron confit, sirop de citron. ingrédients : Farine de Blé T65,\r\nCitron jaune\r\nSucre de canne, Œuf entier, beurre Isigny Ste Mère, amidon de Maïs, sel ",
    "prix": 7.91,
    "unite": 1,
    "image_filename": null
  },
  {
    "id": 4530,
    "catalog_file_id": 184,
    "produit": "Pain de Campagne Grand Moulé 1500g",
    "description": "Pain de Campagne cuit en moule rectangulaire. ingrédients : Farine de Blé T80, levain de Seigle T170, eau, sel",
    "prix": 4.43,
    "unite": 1,
    "image_filename": null
  },
  {
    "id": 4531,
    "catalog_file_id": 184,
    "produit": "Pain de Campagne Banneton 1000 g",
    "description": "Pain façonné en banneton osier et cuit à même sur la sole du four. Une croûte profonde et mie ouverte. ingrédients : Farine de Blé T80, levain de Seigle T170, eau, sel",
    "prix": 4.43,
    "unite": 1,
    "image_filename": null
  },
  {
    "id": 4532,
    "catalog_file_id": 184,
    "produit": "Sechskornbröt Petit moulé 500 g",
    "description": "Farine de Seigle Complet Blé semi complet Levain de seigle Sel et eau Tournesol, flocon d'avoine, lin brun, lin doré, graines de courge",
    "prix": 2.95,
    "unite": 1,
    "image_filename": null
  },
  {
    "id": 4533,
    "catalog_file_id": 184,
    "produit": "Pain aux graines Grand Moulé 1300g",
    "description": "Pain aux graines oléagineuses sur base de pain de campagne.  ingrédients : Farine de Blé T80, levain de Seigle T170, lin brun, lin doré, tournesol, sésame, pavot, eau, sel",
    "prix": 5.05,
    "unite": 1,
    "image_filename": null
  },
  {
    "id": 4534,
    "catalog_file_id": 185,
    "produit": "pommes  en 3 kg",
    "description": "sachet de 3kg ",
    "prix": 7.5,
    "unite": 1,
    "image_filename": null
  },
  {
    "id": 4535,
    "catalog_file_id": 185,
    "produit": "pommes en 6 kg",
    "description": "sachet de 6kg ",
    "prix": 15,
    "unite": 1,
    "image_filename": null
  },
  {
    "id": 4536,
    "catalog_file_id": 185,
    "produit": "Pommes 2ème choix en 10 kg",
    "description": "cageot de10 kg",
    "prix": 16,
    "unite": 1,
    "image_filename": null
  },
  {
    "id": 4537,
    "catalog_file_id": 186,
    "produit": "paquet de 2 cuisses de poulet",
    "description": "8,70 €/kg   400g",
    "prix": 3.48,
    "unite": 1,
    "image_filename": null
  },
  {
    "id": 4538,
    "catalog_file_id": 186,
    "produit": "poulet entier (moyen)",
    "description": "7,50 €/KG    pour 1kg700",
    "prix": 12.75,
    "unite": 1,
    "image_filename": null
  },
  {
    "id": 4539,
    "catalog_file_id": 186,
    "produit": "Coquelet ",
    "description": "8,10 €/kg    pour 850 g",
    "prix": 6.88,
    "unite": 1,
    "image_filename": null
  },
  {
    "id": 4540,
    "catalog_file_id": 186,
    "produit": "pintade",
    "description": "9 €/kg   pour 1kg500",
    "prix": 13.5,
    "unite": 1,
    "image_filename": null
  },
  {
    "id": 4541,
    "catalog_file_id": 186,
    "produit": "Ailes de poulets",
    "description": "Paquet de 6 ailes",
    "prix": 4.8,
    "unite": 1,
    "image_filename": null
  },
  {
    "id": 4543,
    "catalog_file_id": 187,
    "produit": "Tomme entière environ 2kg",
    "description": "27€/kilo",
    "prix": 54,
    "unite": 1,
    "image_filename": null
  },
  {
    "id": 4544,
    "catalog_file_id": 187,
    "produit": "Demi tomme de brebis",
    "description": "environ 1kg 28€/kilo",
    "prix": 28,
    "unite": 1,
    "image_filename": null
  },
  {
    "id": 4545,
    "catalog_file_id": 187,
    "produit": "Quart de tomme de brebis",
    "description": "28€/kilo environ 500g",
    "prix": 14,
    "unite": 1,
    "image_filename": null
  },
  {
    "id": 4550,
    "catalog_file_id": 189,
    "produit": "1 Pave de truite",
    "description": "1x 120 g environ / 25.20 le kilo",
    "prix": 3,
    "unite": 1,
    "image_filename": null
  },
  {
    "id": 4551,
    "catalog_file_id": 189,
    "produit": "Filet de truite",
    "description": "Filet entier au prix de 25.20 le kg",
    "prix": 25.2,
    "unite": 1,
    "image_filename": null
  },
  {
    "id": 4552,
    "catalog_file_id": 189,
    "produit": "oeufs de truite truchetet_Unite_",
    "description": "oeufs de truite",
    "prix": 7.6,
    "unite": 1,
    "image_filename": null
  },
  {
    "id": 4553,
    "catalog_file_id": 189,
    "produit": "Truite entiere truchetet_Kilo_",
    "description": "Truite entiere de septembre à décembre 2025  1.5 kg/ 2kg",
    "prix": 15.2,
    "unite": 1,
    "image_filename": null
  },
  {
    "id": 4554,
    "catalog_file_id": 189,
    "produit": "Truite fumee paquet 150g truchetet_Unite_",
    "description": "Truite fumee paquet 150g",
    "prix": 8.5,
    "unite": 1,
    "image_filename": null
  },
  {
    "id": 4555,
    "catalog_file_id": 189,
    "produit": "Truite fumee paquet 250g_ truchetet_Unite_",
    "description": "Truite fumee paquet 250g",
    "prix": 13.8,
    "unite": 1,
    "image_filename": null
  },
  {
    "id": 4556,
    "catalog_file_id": 189,
    "produit": "2 pavés de truite",
    "description": "2 x 120 g environ / 25,20 € le kg",
    "prix": 6,
    "unite": 1,
    "image_filename": null
  },
  {
    "id": 4557,
    "catalog_file_id": 189,
    "produit": "3 pavés de truite",
    "description": "3 x 120 g environ / 25,20 le kg",
    "prix": 9,
    "unite": 1,
    "image_filename": null
  },
  {
    "id": 4558,
    "catalog_file_id": 189,
    "produit": "4 pavés de truite",
    "description": "4 x 120 g environ / 25,20 € le kg",
    "prix": 12,
    "unite": 1,
    "image_filename": null
  },
  {
    "id": 4559,
    "catalog_file_id": 189,
    "produit": "5 pavés de truite ",
    "description": "5 x 120 g environ / 25, 20 le kg",
    "prix": 15,
    "unite": 1,
    "image_filename": null
  },
  {
    "id": 4560,
    "catalog_file_id": 190,
    "produit": "Pain de Campagne Miche 2000 g",
    "description": "Gros pain de 2 kg, très longue cuisson.  ingrédients : Farine de Blé T80, levain de Seigle T170, eau, sel",
    "prix": 4.43,
    "unite": 1,
    "image_filename": null
  },
  {
    "id": 4561,
    "catalog_file_id": 190,
    "produit": "1/2 Focaccia Olives & Tomates",
    "description": "Base de pâte à Focaccia + Olives de kalamata, Tomates séchées, huile d'olive et origan ingrédients : Farine de Blé T65\r\nEau, sel, levain dur de blé T55, \r\nOlives de kalamata, Tomates",
    "prix": 18.4,
    "unite": 1,
    "image_filename": null
  },
  {
    "id": 4562,
    "catalog_file_id": 190,
    "produit": "Focaccia en plaque de 3200 g",
    "description": "Pâte levée italienne, largement bassinée à l'huile d'Olive, vendue en plaque de 3200 g de 60cm x 40 cm ingrédients : Farine de Blé T65\r\nlevain dur de blé T55\r\neau, sel, huile d'olive, origan",
    "prix": 18.57,
    "unite": 1,
    "image_filename": null
  },
  {
    "id": 4563,
    "catalog_file_id": 190,
    "produit": "Pain aux Noix Grand Moulé 1300 g",
    "description": "Un pain aux noix concassées et réhydratées, sur la base du pain de Campagne.  ingrédients : Farine de Blé T80, levain de Seigle T170, Noix, eau, sel",
    "prix": 8.23,
    "unite": 1,
    "image_filename": null
  },
  {
    "id": 4564,
    "catalog_file_id": 190,
    "produit": "Pain aux graines Banneton 1000g",
    "description": "Pain façonné en banneton osier et cuit à même sur la sole du four. Une croûte profonde et mie ouverte. ingrédients : Farine de Blé T80, levain de Seigle T170, lin brun, lin doré, tournesol, sésame, pavot, eau, sel",
    "prix": 5.05,
    "unite": 1,
    "image_filename": null
  },
  {
    "id": 4565,
    "catalog_file_id": 190,
    "produit": "Pain aux graines Grand Moulé 1300g",
    "description": "Pain aux graines oléagineuses sur base de pain de campagne.  ingrédients : Farine de Blé T80, levain de Seigle T170, lin brun, lin doré, tournesol, sésame, pavot, eau, sel",
    "prix": 5.05,
    "unite": 1,
    "image_filename": null
  },
  {
    "id": 4566,
    "catalog_file_id": 190,
    "produit": "Pain Généreux Grand Moulé 1300g",
    "description": "Pain aux fruits sec et fruits à coque, enveloppé dans des flocons d'avoine. ingrédients : Farine de Blé T80, levain de Seigle T170, Noisettes, Abricots, raisins de corinthe, flocons d'avoines, graines de courge, eau, sel",
    "prix": 6.7,
    "unite": 1,
    "image_filename": null
  },
  {
    "id": 4567,
    "catalog_file_id": 190,
    "produit": "Pain de Campagne Moule Fermé 1500 g",
    "description": "Pain de Campagne cuit en moule fermé.\r\nIl a une forme parfaitement rectangulaire, et très peu de croûte ingrédients : Farine de Blé T80, levain de Seigle T170, eau, sel",
    "prix": 4.43,
    "unite": 1,
    "image_filename": null
  },
  {
    "id": 4568,
    "catalog_file_id": 190,
    "produit": "Pain de Khorasan en boule de 800 g",
    "description": "Farine de Blé dur ancien de variété Khorasan.  ingrédients : Farine de Khorasan \r\nLevain de Khorasan\r\neau, sel",
    "prix": 6.27,
    "unite": 1,
    "image_filename": null
  },
  {
    "id": 4569,
    "catalog_file_id": 190,
    "produit": "Petit Epeautre petit moule 500 g",
    "description": "Pain à la farine de Petit épeautre complet (engrain), et au levain de petit épeautre complet.\r\nTerroir AOP des Alpes de Haute Provence\r\nTrès riche en protéine et pauvre en gluten. ingrédients : Farine de Petit Epeautre complet\r\nlevain de Petit Epeautre, \r\neau, sel",
    "prix": 3.8,
    "unite": 1,
    "image_filename": null
  },
  {
    "id": 4570,
    "catalog_file_id": 190,
    "produit": "Petit Epeautre Grand  moule 1300 g",
    "description": "Pain à la farine de Petit épeautre complet (engrain), et au levain de petit épeautre complet.\r\nTerroir AOP des Alpes de Haute Provence\r\nTrès riche en protéine et pauvre en gluten. ingrédients : Farine de Petit Epeautre complet\r\nlevain de Petit Epeautre, \r\neau, sel",
    "prix": 8.02,
    "unite": 1,
    "image_filename": null
  },
  {
    "id": 4571,
    "catalog_file_id": 190,
    "produit": "Pain aux graines Miche 2000 g",
    "description": "Gros pain de 2 kg, très longue cuisson.  ingrédients : Farine de Blé T80, levain de Seigle T170, lin brun, lin doré, tournesol, sésame, pavot, eau, sel",
    "prix": 5.05,
    "unite": 1,
    "image_filename": null
  },
  {
    "id": 4572,
    "catalog_file_id": 190,
    "produit": "Pain de Méteil en Boule 1000 g",
    "description": "Pain rustique mi blé mi seigle au levain de seigle ingrédients : Farine de Blé T80\r\nFarine de Seigle T70\r\neau, sel, levain de seigle",
    "prix": 4.91,
    "unite": 1,
    "image_filename": null
  },
  {
    "id": 4573,
    "catalog_file_id": 190,
    "produit": "Pain au Maïs en petit moules 500 g",
    "description": "Farine de Maïs Ancien Grand Roux Basque\r\nBlé et Graines de tournesol ingrédients : Farine de Maïs\r\nFarine de Blé T65\r\nLevain de Blé, eau, sel\r\nGraines de tournesol\r\nCurcuma",
    "prix": 3.69,
    "unite": 1,
    "image_filename": null
  },
  {
    "id": 4574,
    "catalog_file_id": 190,
    "produit": "Pain Complet Banneton 1000 g",
    "description": "Pain complet riche en fibres et minéraux, sans acide phytique grâce à la longue fermentation au levain. ingrédients : Pain complet riche en fibres et minéraux, sans acide phytique grâce à la longue fermentation au levain.",
    "prix": 4.59,
    "unite": 1,
    "image_filename": null
  },
  {
    "id": 4575,
    "catalog_file_id": 190,
    "produit": "Pain complet Grand Moulé 1300g",
    "description": "Pain complet riche en fibres et minéraux, sans acide phytique grâce à la longue fermentation au levain. ingrédients : Farine de Blé T80, Rémoulage, son fin,  levain de Seigle T170, eau, sel",
    "prix": 4.59,
    "unite": 1,
    "image_filename": null
  },
  {
    "id": 4576,
    "catalog_file_id": 190,
    "produit": "Pain Intégral Grand Moulé 1300 g",
    "description": "Pain au levain de seigle, réalisé avec l'intégralité du grain de blé.  Très riche en fibres et minéraux ingrédients : Farine de Blé T80, Rémoulage, son gros, son fin,  levain de Seigle T170, eau, sel",
    "prix": 4.59,
    "unite": 1,
    "image_filename": null
  },
  {
    "id": 4577,
    "catalog_file_id": 190,
    "produit": "1/2 Focaccia en plaque de 1600 g",
    "description": "Pâte levée italienne, largement bassinée à l'huile d'Olive, vendue en 1/2 plaque de 1600 g de 30cm x 40 cm ingrédients : Farine de Blé T65\r\nlevain dur de blé T55\r\neau, sel, huile d'olive, origan",
    "prix": 9.28,
    "unite": 1,
    "image_filename": null
  },
  {
    "id": 4578,
    "catalog_file_id": 190,
    "produit": "Focaccia Olives & Tomates",
    "description": "Base de pâte à Focaccia + Olives de kalamata, Tomates séchées, huile d'olive et origan ingrédients : Farine de Blé T65\r\nEau, sel, levain dur de blé T55, \r\nOlives de kalamata, Tomates",
    "prix": 36.8,
    "unite": 1,
    "image_filename": null
  },
  {
    "id": 4579,
    "catalog_file_id": 190,
    "produit": "Pain de Riz et Sorgho aux graines en petit moule 500 g",
    "description": "Base du pain de riz et Sorgho, \r\nMélange de graines oléagineuses\r\n ingrédients : Farine de Riz\r\nfarine de sorgho\r\neau, sel, levain, huile d'olive\r\n\r\nLin brun, lin doré, pavot, sésame, tournesol.",
    "prix": 4.91,
    "unite": 1,
    "image_filename": null
  },
  {
    "id": 4580,
    "catalog_file_id": 190,
    "produit": "Pain de Riz et Sorgho petit moule 500 g",
    "description": "Farines de Riz et de Sorgho, naturellement sans gluten, Huile d'olive. ingrédients : Farine de Riz\r\nFarine de Sorgho\r\nEau, sel, huile d'olive, levain et levure",
    "prix": 4.59,
    "unite": 1,
    "image_filename": null
  },
  {
    "id": 4581,
    "catalog_file_id": 190,
    "produit": "Brioche 450 g",
    "description": "Brioche au beurre Isigny Sainte Mère AOP et aux oeufs. Pas de lait ni d'eau. ingrédients : Farine de Blé T65, Levain de laitOeufs entiers, beurre Isigny St Mère, sucre de canne, sel, levure ",
    "prix": 6.18,
    "unite": 1,
    "image_filename": null
  },
  {
    "id": 4582,
    "catalog_file_id": 190,
    "produit": "Brioche 900 g",
    "description": "Brioche au beurre Isigny Sainte Mère AOP et aux oeufs. Pas de lait ni d'eau. ingrédients : Farine de Blé T65, \r\nLevain de lait\r\nOeufs entiers, beurre Isigny St Mère, \r\nsucre de canne, sel, levure ",
    "prix": 12.55,
    "unite": 1,
    "image_filename": null
  },
  {
    "id": 4583,
    "catalog_file_id": 190,
    "produit": "Roulé Cannelle 100 g",
    "description": "Sur une base de pain au lait, incorporation d'un beurre cannelle, puis tressage. ingrédients : Farine de Blé T65, lait, oeuf, beurre, sucre, sel, cannelle, levure",
    "prix": 1.69,
    "unite": 1,
    "image_filename": null
  },
  {
    "id": 4584,
    "catalog_file_id": 190,
    "produit": "Brioche Provençale \"Pompe à l'huile\"",
    "description": "Brioche sans beurre ni œuf, dessert traditionnel du diner des apôtres,\r\nNaturellement Vegan ingrédients : Farine de Blé T65\r\nLevain de Blé\r\nEau, sel, levure\r\nHuile d'Olive",
    "prix": 1.58,
    "unite": 1,
    "image_filename": null
  },
  {
    "id": 4586,
    "catalog_file_id": 190,
    "produit": "Cookies Noix-Noisettes-Chocolat",
    "description": "Cookies de 70 g\r\nGénéreusement garni de Noix, Noisettes et Chocolat ingrédients : Farine de Blé T65,\r\nOeufs entier, Beurre Isisgny Ste Mère, Sucre de Canne, \r\nNoix, Noisettes, Chocolat noir 66%\r\nsel, poudre levante",
    "prix": 1,
    "unite": 1,
    "image_filename": null
  },
  {
    "id": 4587,
    "catalog_file_id": 190,
    "produit": "Canistrellis",
    "description": "Biscuits de tradition Corse, à l'anis, huile d'olive et vin blanc ingrédients : Farine de Blé T65,\r\nhuile d'olive, vin blanc, sucre, sel, graines d'anis, poudre levante",
    "prix": 15.56,
    "unite": 1,
    "image_filename": null
  },
  {
    "id": 4588,
    "catalog_file_id": 190,
    "produit": "Brownie",
    "description": "Brownie aux Noix et chocolat noir 66% ingrédients : Farine de Blé T65\r\n Beurre Isigny St Mère, Œuf entier, sucre, noix, sel, poudre levante",
    "prix": 2.69,
    "unite": 1,
    "image_filename": null
  },
  {
    "id": 4589,
    "catalog_file_id": 190,
    "produit": "Cake au citron",
    "description": "Pour les amoureux du citron !\r\nZest de citron, jus de citron, citron confit, sirop de citron. ingrédients : Farine de Blé T65,\r\nCitron jaune\r\nSucre de canne, Œuf entier, beurre Isigny Ste Mère, amidon de Maïs, sel ",
    "prix": 7.91,
    "unite": 1,
    "image_filename": null
  },
  {
    "id": 4590,
    "catalog_file_id": 190,
    "produit": "Pain de Campagne Grand Moulé 1300g",
    "description": "Pain de Campagne cuit en moule rectangulaire. ingrédients : Farine de Blé T80, levain de Seigle T170, eau, sel",
    "prix": 4.43,
    "unite": 1,
    "image_filename": null
  },
  {
    "id": 4591,
    "catalog_file_id": 190,
    "produit": "Pain de Campagne Banneton 1000 g",
    "description": "Pain façonné en banneton osier et cuit à même sur la sole du four. Une croûte profonde et mie ouverte. ingrédients : Farine de Blé T80, levain de Seigle T170, eau, sel",
    "prix": 4.43,
    "unite": 1,
    "image_filename": null
  },
  {
    "id": 4592,
    "catalog_file_id": 190,
    "produit": "Pain de Campagne Grand Moulé 1500g",
    "description": "Pain de Campagne cuit en moule rectangulaire. ingrédients : Farine de Blé T80, levain de Seigle T170, eau, sel",
    "prix": 4.43,
    "unite": 1,
    "image_filename": null
  },
  {
    "id": 4593,
    "catalog_file_id": 190,
    "produit": "Sechskornbröt Petit moulé 500 g",
    "description": "Farine de Seigle Complet Blé semi complet Levain de seigle Sel et eau Tournesol, flocon d'avoine, lin brun, lin doré, graines de courge",
    "prix": 2.95,
    "unite": 1,
    "image_filename": null
  },
  {
    "id": 4594,
    "catalog_file_id": 191,
    "produit": "Pain aux graines Miche 2000 g",
    "description": "Gros pain de 2 kg, très longue cuisson.  ingrédients : Farine de Blé T80, levain de Seigle T170, lin brun, lin doré, tournesol, sésame, pavot, eau, sel",
    "prix": 5.05,
    "unite": 1,
    "image_filename": null
  },
  {
    "id": 4595,
    "catalog_file_id": 191,
    "produit": "Pain de Campagne Miche 2000 g",
    "description": "Gros pain de 2 kg, très longue cuisson.  ingrédients : Farine de Blé T80, levain de Seigle T170, eau, sel",
    "prix": 4.43,
    "unite": 1,
    "image_filename": null
  },
  {
    "id": 4596,
    "catalog_file_id": 191,
    "produit": "Pain de Campagne Moule Fermé 1500 g",
    "description": "Pain de Campagne cuit en moule fermé.\r\nIl a une forme parfaitement rectangulaire, et très peu de croûte ingrédients : Farine de Blé T80, levain de Seigle T170, eau, sel",
    "prix": 4.43,
    "unite": 1,
    "image_filename": null
  },
  {
    "id": 4597,
    "catalog_file_id": 191,
    "produit": "Petit Epeautre petit moule 500 g",
    "description": "Pain à la farine de Petit épeautre complet (engrain), et au levain de petit épeautre complet.\r\nTerroir AOP des Alpes de Haute Provence\r\nTrès riche en protéine et pauvre en gluten. ingrédients : Farine de Petit Epeautre complet\r\nlevain de Petit Epeautre, \r\neau, sel",
    "prix": 3.8,
    "unite": 1,
    "image_filename": null
  },
  {
    "id": 4598,
    "catalog_file_id": 191,
    "produit": "Pain de Riz et Sorgho petit moule 500 g",
    "description": "Farines de Riz et de Sorgho, naturellement sans gluten, Huile d'olive. ingrédients : Farine de Riz\r\nFarine de Sorgho\r\nEau, sel, huile d'olive, levain et levure",
    "prix": 4.59,
    "unite": 1,
    "image_filename": null
  },
  {
    "id": 4599,
    "catalog_file_id": 191,
    "produit": "Pain complet Grand Moulé 1300g",
    "description": "Pain complet riche en fibres et minéraux, sans acide phytique grâce à la longue fermentation au levain. ingrédients : Farine de Blé T80, Rémoulage, son fin,  levain de Seigle T170, eau, sel",
    "prix": 4.59,
    "unite": 1,
    "image_filename": null
  },
  {
    "id": 4600,
    "catalog_file_id": 191,
    "produit": "Pain aux graines Banneton 1000g",
    "description": "Pain façonné en banneton osier et cuit à même sur la sole du four. Une croûte profonde et mie ouverte. ingrédients : Farine de Blé T80, levain de Seigle T170, lin brun, lin doré, tournesol, sésame, pavot, eau, sel",
    "prix": 5.05,
    "unite": 1,
    "image_filename": null
  },
  {
    "id": 4601,
    "catalog_file_id": 191,
    "produit": "Pain Généreux Grand Moulé 1300g",
    "description": "Pain aux fruits sec et fruits à coque, enveloppé dans des flocons d'avoine. ingrédients : Farine de Blé T80, levain de Seigle T170, Noisettes, Abricots, raisins de corinthe, flocons d'avoines, graines de courge, eau, sel",
    "prix": 6.7,
    "unite": 1,
    "image_filename": null
  },
  {
    "id": 4602,
    "catalog_file_id": 191,
    "produit": "Petit Epeautre Grand  moule 1300 g",
    "description": "Pain à la farine de Petit épeautre complet (engrain), et au levain de petit épeautre complet.\r\nTerroir AOP des Alpes de Haute Provence\r\nTrès riche en protéine et pauvre en gluten. ingrédients : Farine de Petit Epeautre complet\r\nlevain de Petit Epeautre, \r\neau, sel",
    "prix": 8.02,
    "unite": 1,
    "image_filename": null
  },
  {
    "id": 4603,
    "catalog_file_id": 191,
    "produit": "Pain Complet Banneton 1000 g",
    "description": "Pain complet riche en fibres et minéraux, sans acide phytique grâce à la longue fermentation au levain. ingrédients : Pain complet riche en fibres et minéraux, sans acide phytique grâce à la longue fermentation au levain.",
    "prix": 4.59,
    "unite": 1,
    "image_filename": null
  },
  {
    "id": 4604,
    "catalog_file_id": 191,
    "produit": "Pain aux Noix Grand Moulé 1300 g",
    "description": "Un pain aux noix concassées et réhydratées, sur la base du pain de Campagne.  ingrédients : Farine de Blé T80, levain de Seigle T170, Noix, eau, sel",
    "prix": 8.23,
    "unite": 1,
    "image_filename": null
  },
  {
    "id": 4605,
    "catalog_file_id": 191,
    "produit": "Pain au Maïs en petit moules 500 g",
    "description": "Farine de Maïs Ancien Grand Roux Basque\r\nBlé et Graines de tournesol ingrédients : Farine de Maïs\r\nFarine de Blé T65\r\nLevain de Blé, eau, sel\r\nGraines de tournesol\r\nCurcuma",
    "prix": 3.69,
    "unite": 1,
    "image_filename": null
  },
  {
    "id": 4606,
    "catalog_file_id": 191,
    "produit": "Pain Intégral Grand Moulé 1300 g",
    "description": "Pain au levain de seigle, réalisé avec l'intégralité du grain de blé.  Très riche en fibres et minéraux ingrédients : Farine de Blé T80, Rémoulage, son gros, son fin,  levain de Seigle T170, eau, sel",
    "prix": 4.59,
    "unite": 1,
    "image_filename": null
  },
  {
    "id": 4607,
    "catalog_file_id": 191,
    "produit": "Brioche 900 g",
    "description": "Brioche au beurre Isigny Sainte Mère AOP et aux oeufs. Pas de lait ni d'eau. ingrédients : Farine de Blé T65, \r\nLevain de lait\r\nOeufs entiers, beurre Isigny St Mère, \r\nsucre de canne, sel, levure ",
    "prix": 12.55,
    "unite": 1,
    "image_filename": null
  },
  {
    "id": 4608,
    "catalog_file_id": 191,
    "produit": "Brioche 450 g",
    "description": "Brioche au beurre Isigny Sainte Mère AOP et aux oeufs. Pas de lait ni d'eau. ingrédients : Farine de Blé T65, Levain de laitOeufs entiers, beurre Isigny St Mère, sucre de canne, sel, levure ",
    "prix": 6.18,
    "unite": 1,
    "image_filename": null
  },
  {
    "id": 4609,
    "catalog_file_id": 191,
    "produit": "Brioche Provençale \"Pompe à l'huile\"",
    "description": "Brioche sans beurre ni œuf, dessert traditionnel du diner des apôtres,\r\nNaturellement Vegan ingrédients : Farine de Blé T65\r\nLevain de Blé\r\nEau, sel, levure\r\nHuile d'Olive",
    "prix": 1.58,
    "unite": 1,
    "image_filename": null
  },
  {
    "id": 4610,
    "catalog_file_id": 191,
    "produit": "Shokupan 500 g",
    "description": "Pain de Mie de tradition Japonaise réalisée sur 3 pâtes et au levain de Panettone. \r\nConservation exceptionnelle de 10 jours sous film.\r\n10cm x 10cm x 19 cm ingrédients : Farine de Blé T55,\r\nLevain de Panettone\r\nLait, eau, sucre de canne, beurre isigny sainte mère,\r\nsel",
    "prix": 4.85,
    "unite": 1,
    "image_filename": null
  },
  {
    "id": 4611,
    "catalog_file_id": 191,
    "produit": "Pain de Riz et Sorgho aux graines en petit moule 500 g",
    "description": "Base du pain de riz et Sorgho, \r\nMélange de graines oléagineuses\r\n ingrédients : Farine de Riz\r\nfarine de sorgho\r\neau, sel, levain, huile d'olive\r\n\r\nLin brun, lin doré, pavot, sésame, tournesol.",
    "prix": 4.91,
    "unite": 1,
    "image_filename": null
  },
  {
    "id": 4612,
    "catalog_file_id": 191,
    "produit": "Roulé Cannelle 100 g",
    "description": "Sur une base de pain au lait, incorporation d'un beurre cannelle, puis tressage. ingrédients : Farine de Blé T65, lait, oeuf, beurre, sucre, sel, cannelle, levure",
    "prix": 1.69,
    "unite": 1,
    "image_filename": null
  },
  {
    "id": 4613,
    "catalog_file_id": 191,
    "produit": "Shokupan 1400 g",
    "description": "Pain de Mie de tradition Japonaise réalisée sur 3 pâtes et au levain de Panettone. \r\nConservation exceptionnelle de 10 jours sous film.\r\n11cm x 11cm x 36 cm ingrédients : Farine de Blé T55,\r\nLevain de Panettone\r\nLait, eau, sucre de canne, beurre isigny sainte mère,\r\nsel",
    "prix": 11.92,
    "unite": 1,
    "image_filename": null
  },
  {
    "id": 4614,
    "catalog_file_id": 191,
    "produit": "Crackers",
    "description": "Crackers au levain de seigle et graines oléagineuses, huile d'olive, origan ingrédients : Farine de Blé T80\r\nFarine de Seigle T170\r\neau, sel, Lin Brun, Lin doré, Pavot, Sésame , Tournesol, Huile d'Olive, Origan",
    "prix": 15.09,
    "unite": 1,
    "image_filename": null
  },
  {
    "id": 4615,
    "catalog_file_id": 191,
    "produit": "Cookies Noix-Noisettes-Chocolat",
    "description": "Cookies de 70 g\r\nGénéreusement garni de Noix, Noisettes et Chocolat ingrédients : Farine de Blé T65,\r\nOeufs entier, Beurre Isisgny Ste Mère, Sucre de Canne, \r\nNoix, Noisettes, Chocolat noir 66%\r\nsel, poudre levante",
    "prix": 1,
    "unite": 1,
    "image_filename": null
  },
  {
    "id": 4616,
    "catalog_file_id": 191,
    "produit": "Canistrellis",
    "description": "Biscuits de tradition Corse, à l'anis, huile d'olive et vin blanc ingrédients : Farine de Blé T65,\r\nhuile d'olive, vin blanc, sucre, sel, graines d'anis, poudre levante",
    "prix": 15.56,
    "unite": 1,
    "image_filename": null
  },
  {
    "id": 4617,
    "catalog_file_id": 191,
    "produit": "Brownie",
    "description": "Brownie aux Noix et chocolat noir 66% ingrédients : Farine de Blé T65\r\n Beurre Isigny St Mère, Œuf entier, sucre, noix, sel, poudre levante",
    "prix": 2.69,
    "unite": 1,
    "image_filename": null
  },
  {
    "id": 4618,
    "catalog_file_id": 191,
    "produit": "Pain de Campagne Grand Moulé 1300g",
    "description": "Pain de Campagne cuit en moule rectangulaire. ingrédients : Farine de Blé T80, levain de Seigle T170, eau, sel",
    "prix": 4.43,
    "unite": 1,
    "image_filename": null
  },
  {
    "id": 4619,
    "catalog_file_id": 191,
    "produit": "Cake au citron",
    "description": "Pour les amoureux du citron !\r\nZest de citron, jus de citron, citron confit, sirop de citron. ingrédients : Farine de Blé T65,\r\nCitron jaune\r\nSucre de canne, Œuf entier, beurre Isigny Ste Mère, amidon de Maïs, sel ",
    "prix": 7.91,
    "unite": 1,
    "image_filename": null
  },
  {
    "id": 4620,
    "catalog_file_id": 191,
    "produit": "Pain de Campagne Grand Moulé 1500g",
    "description": "Pain de Campagne cuit en moule rectangulaire. ingrédients : Farine de Blé T80, levain de Seigle T170, eau, sel",
    "prix": 4.43,
    "unite": 1,
    "image_filename": null
  },
  {
    "id": 4621,
    "catalog_file_id": 191,
    "produit": "Pain de Campagne Banneton 1000 g",
    "description": "Pain façonné en banneton osier et cuit à même sur la sole du four. Une croûte profonde et mie ouverte. ingrédients : Farine de Blé T80, levain de Seigle T170, eau, sel",
    "prix": 4.43,
    "unite": 1,
    "image_filename": null
  },
  {
    "id": 4622,
    "catalog_file_id": 191,
    "produit": "Sechskornbröt Petit moulé 500 g",
    "description": "Farine de Seigle Complet Blé semi complet Levain de seigle Sel et eau Tournesol, flocon d'avoine, lin brun, lin doré, graines de courge",
    "prix": 2.95,
    "unite": 1,
    "image_filename": null
  },
  {
    "id": 4623,
    "catalog_file_id": 191,
    "produit": "Pain aux graines Grand Moulé 1300g",
    "description": "Pain aux graines oléagineuses sur base de pain de campagne.  ingrédients : Farine de Blé T80, levain de Seigle T170, lin brun, lin doré, tournesol, sésame, pavot, eau, sel",
    "prix": 5.05,
    "unite": 1,
    "image_filename": null
  },
  {
    "id": 4624,
    "catalog_file_id": 192,
    "produit": "Araignee de porc  La ferme d'Arracq",
    "description": " Sous vide environ 300 G ",
    "prix": 5.64,
    "unite": 1,
    "image_filename": null
  },
  {
    "id": 4625,
    "catalog_file_id": 192,
    "produit": "Rôti ",
    "description": "Sous vide environ 800g",
    "prix": 23.12,
    "unite": 1,
    "image_filename": null
  },
  {
    "id": 4626,
    "catalog_file_id": 192,
    "produit": "Jambon de Bayonne en quart",
    "description": "Sous vide environ 1kg500",
    "prix": 39.12,
    "unite": 1,
    "image_filename": null
  },
  {
    "id": 4627,
    "catalog_file_id": 192,
    "produit": "Coppa tranchée",
    "description": "Sous vide 100g",
    "prix": 3.93,
    "unite": 1,
    "image_filename": null
  },
  {
    "id": 4628,
    "catalog_file_id": 192,
    "produit": "Filet mignon La ferme d'Arracq",
    "description": " Sous vide environ 600 G ",
    "prix": 10.7,
    "unite": 1,
    "image_filename": null
  },
  {
    "id": 4629,
    "catalog_file_id": 192,
    "produit": "Saucisse de Toulouse par 3 La Ferme d'Arracq",
    "description": "Sous vide environ 250 G ",
    "prix": 3.59,
    "unite": 1,
    "image_filename": null
  },
  {
    "id": 4630,
    "catalog_file_id": 192,
    "produit": "Cote de porc par 3 La ferme d'Arracq",
    "description": " Sous vide environ 600 G ",
    "prix": 7.63,
    "unite": 1,
    "image_filename": null
  },
  {
    "id": 4631,
    "catalog_file_id": 192,
    "produit": "Chair à saucisse La ferme d'Arracq",
    "description": "Sous vide environ 500 G ",
    "prix": 5.95,
    "unite": 1,
    "image_filename": null
  },
  {
    "id": 4632,
    "catalog_file_id": 192,
    "produit": "Txitorra par 5 La ferme d'Arracq",
    "description": "sous vide environ 350 G ",
    "prix": 5.02,
    "unite": 1,
    "image_filename": null
  },
  {
    "id": 4633,
    "catalog_file_id": 192,
    "produit": "Poitrine de porc tranchée par 5 La Ferme d'Arracq",
    "description": "Sous vide environ 250 G ",
    "prix": 2.74,
    "unite": 1,
    "image_filename": null
  },
  {
    "id": 4634,
    "catalog_file_id": 192,
    "produit": "Coustou frais La ferme d'Arracq",
    "description": "Sous vide environ 500 G ",
    "prix": 3.82,
    "unite": 1,
    "image_filename": null
  },
  {
    "id": 4635,
    "catalog_file_id": 192,
    "produit": "Lardons frais La ferme d'Arracq",
    "description": " Sous vide environ 200 G ",
    "prix": 2.67,
    "unite": 1,
    "image_filename": null
  },
  {
    "id": 4636,
    "catalog_file_id": 192,
    "produit": "jambon blanc cuit  4 tranches La ferme d'Arracq",
    "description": "sous vide environ 200 G",
    "prix": 5.99,
    "unite": 1,
    "image_filename": null
  },
  {
    "id": 4637,
    "catalog_file_id": 192,
    "produit": "colis de porc  bio 10 KG",
    "description": "1KG  de chipolatas, poitrine tranchée, saucisses de Toulouse, chair à saucisse, coustou\r\n2X1KG de cotes de porc, 2X1KG sauté de porc,600 G de jarret, 2X200G lardons",
    "prix": 140,
    "unite": 1,
    "image_filename": null
  },
  {
    "id": 4638,
    "catalog_file_id": 192,
    "produit": "colis de porc frais",
    "description": "1 kg de chipolatas, côtes , poitrine tranchée, saucisses de Toulouse, sauté.",
    "prix": 70,
    "unite": 1,
    "image_filename": null
  },
  {
    "id": 4639,
    "catalog_file_id": 192,
    "produit": "colis de porc bio prenium 5 KG",
    "description": "2X300 g d'araignée, 1kg200  côte de porc, 1kg200 filet mignon, 1 kg joue de porc, 1 kg rouelle",
    "prix": 95,
    "unite": 1,
    "image_filename": null
  },
  {
    "id": 4640,
    "catalog_file_id": 192,
    "produit": "Sauté ",
    "description": "Sous vide environ 500g",
    "prix": 6.38,
    "unite": 1,
    "image_filename": null
  },
  {
    "id": 4641,
    "catalog_file_id": 192,
    "produit": "Jambon de Bayonne tranché ",
    "description": "Sous vide environ 150 g",
    "prix": 5.67,
    "unite": 1,
    "image_filename": null
  },
  {
    "id": 4642,
    "catalog_file_id": 192,
    "produit": "Lomo séché tranché",
    "description": "Sous vide 100g",
    "prix": 3.93,
    "unite": 1,
    "image_filename": null
  },
  {
    "id": 4643,
    "catalog_file_id": 192,
    "produit": "Saucisson",
    "description": "190 g à 25,66 €/kg",
    "prix": 4.88,
    "unite": 1,
    "image_filename": null
  },
  {
    "id": 4644,
    "catalog_file_id": 192,
    "produit": "Boudin ",
    "description": "bocal 190 g ",
    "prix": 4.04,
    "unite": 1,
    "image_filename": null
  },
  {
    "id": 4645,
    "catalog_file_id": 192,
    "produit": "Pâté armagnac",
    "description": "bocal 190 g ",
    "prix": 4.15,
    "unite": 1,
    "image_filename": null
  },
  {
    "id": 4646,
    "catalog_file_id": 192,
    "produit": "Pâté de tête - Hure",
    "description": "bocal 190 g ",
    "prix": 4.15,
    "unite": 1,
    "image_filename": null
  },
  {
    "id": 4647,
    "catalog_file_id": 192,
    "produit": "Pâté campagne",
    "description": "bocal 190 g ",
    "prix": 4,
    "unite": 1,
    "image_filename": null
  },
  {
    "id": 4648,
    "catalog_file_id": 192,
    "produit": "Pâté piment",
    "description": "bocal 190 g ",
    "prix": 4.07,
    "unite": 1,
    "image_filename": null
  },
  {
    "id": 4649,
    "catalog_file_id": 192,
    "produit": "Rillettes",
    "description": "bocal 190 g ",
    "prix": 4.16,
    "unite": 1,
    "image_filename": null
  },
  {
    "id": 4650,
    "catalog_file_id": 192,
    "produit": "Lardons séchés La ferme d'Arracq",
    "description": "Sous vide environ 200 G \r\n ",
    "prix": 3.54,
    "unite": 1,
    "image_filename": null
  },
  {
    "id": 4651,
    "catalog_file_id": 192,
    "produit": "Chipolata par 5 La ferme d'Arracq",
    "description": "Sous vide environ 350 G ",
    "prix": 5.02,
    "unite": 1,
    "image_filename": null
  },
  {
    "id": 4652,
    "catalog_file_id": 192,
    "produit": "graisserons",
    "description": "pot de 190 gr",
    "prix": 3.94,
    "unite": 1,
    "image_filename": null
  },
  {
    "id": 4653,
    "catalog_file_id": 192,
    "produit": "Boudin noir boyaux",
    "description": "sous vide 240 gr env. 14,35/kg",
    "prix": 3.45,
    "unite": 1,
    "image_filename": null
  },
  {
    "id": 4654,
    "catalog_file_id": 192,
    "produit": "joue",
    "description": "sous vide 250 gr   11,82/kg",
    "prix": 2.96,
    "unite": 1,
    "image_filename": null
  },
  {
    "id": 4655,
    "catalog_file_id": 192,
    "produit": "jarret",
    "description": "sous vide 1kg environ",
    "prix": 13.42,
    "unite": 1,
    "image_filename": null
  },
  {
    "id": 4656,
    "catalog_file_id": 192,
    "produit": "rouelle",
    "description": "sous vide 1kg env",
    "prix": 16.83,
    "unite": 1,
    "image_filename": null
  },
  {
    "id": 4657,
    "catalog_file_id": 193,
    "produit": "paquet de 2 cuisses de poulet",
    "description": "8,70 €/kg   400g",
    "prix": 3.48,
    "unite": 1,
    "image_filename": null
  },
  {
    "id": 4658,
    "catalog_file_id": 193,
    "produit": "poulet entier (moyen)",
    "description": "7,50 €/KG    pour 1kg700",
    "prix": 12.75,
    "unite": 1,
    "image_filename": null
  },
  {
    "id": 4659,
    "catalog_file_id": 193,
    "produit": "Coquelet ",
    "description": "8,10 €/kg    pour 850 g",
    "prix": 6.88,
    "unite": 1,
    "image_filename": null
  },
  {
    "id": 4660,
    "catalog_file_id": 193,
    "produit": "pintade",
    "description": "9 €/kg   pour 1kg500",
    "prix": 13.5,
    "unite": 1,
    "image_filename": null
  },
  {
    "id": 4661,
    "catalog_file_id": 193,
    "produit": "Ailes de poulets",
    "description": "Paquet de 6 ailes",
    "prix": 4.8,
    "unite": 1,
    "image_filename": null
  },
  {
    "id": 4662,
    "catalog_file_id": 194,
    "produit": "boudin porc kintoa AOP 190 g ",
    "description": "bocal de 190 g",
    "prix": 4.5,
    "unite": 1,
    "image_filename": null
  },
  {
    "id": 4663,
    "catalog_file_id": 194,
    "produit": "Colis de porc Kintoa AOP",
    "description": "Colis de viande fraiche 5 KG (sous vide)\r\nrôti, saucisses, côtes, txistorra, ventrèche, boudinettes",
    "prix": 75,
    "unite": 1,
    "image_filename": null
  },
  {
    "id": 4664,
    "catalog_file_id": 194,
    "produit": "confit de porc kintoa AOP",
    "description": " bocal de 500 g",
    "prix": 14,
    "unite": 1,
    "image_filename": null
  },
  {
    "id": 4665,
    "catalog_file_id": 194,
    "produit": "saucisson de porc kintoa AOP",
    "description": "45€ le kg environ 230 g",
    "prix": 10,
    "unite": 1,
    "image_filename": null
  },
  {
    "id": 4666,
    "catalog_file_id": 194,
    "produit": "ventreche de porc kintoa AOP",
    "description": "poitrine séchée tranchée sous vide environ 220 g. 22 € le kg",
    "prix": 4.8,
    "unite": 1,
    "image_filename": null
  },
  {
    "id": 4667,
    "catalog_file_id": 194,
    "produit": "hure kintoa 190g",
    "description": "pâté de tête bocal de 190g",
    "prix": 4.5,
    "unite": 1,
    "image_filename": null
  },
  {
    "id": 4668,
    "catalog_file_id": 194,
    "produit": "jambon de porc kintoa AOP ",
    "description": "tranché sous vide environ 120 g à 90 € le kg (24 mois d'affinage)",
    "prix": 11,
    "unite": 1,
    "image_filename": null
  },
  {
    "id": 4669,
    "catalog_file_id": 194,
    "produit": "saucisses confites kintoa",
    "description": "bocal de  500g",
    "prix": 13,
    "unite": 1,
    "image_filename": null
  },
  {
    "id": 4670,
    "catalog_file_id": 194,
    "produit": "pate porc kintoa ",
    "description": "bocal de190g",
    "prix": 4.5,
    "unite": 1,
    "image_filename": null
  },
  {
    "id": 4671,
    "catalog_file_id": 194,
    "produit": "coppa kintoa",
    "description": "sous vide environ 140 g. 45 € le kg",
    "prix": 6.3,
    "unite": 1,
    "image_filename": null
  },
  {
    "id": 4672,
    "catalog_file_id": 194,
    "produit": "jambon kintoa AOP",
    "description": "morceau sous vide sans couenne (MINIMUN 350 g). 75 € le kg  24 mois d'affinage",
    "prix": 27,
    "unite": 1,
    "image_filename": null
  },
  {
    "id": 4673,
    "catalog_file_id": 194,
    "produit": "jambon entier kintoa AOP",
    "description": "entier à l'os environ 8,500 kg . 32 € le kg. 24 mois d'affinage",
    "prix": 270,
    "unite": 1,
    "image_filename": null
  },
  {
    "id": 4674,
    "catalog_file_id": 194,
    "produit": "txintxu porc kintoa",
    "description": "rillettes bocal de 190 g",
    "prix": 4.5,
    "unite": 1,
    "image_filename": null
  },
  {
    "id": 4675,
    "catalog_file_id": 195,
    "produit": "paquet de 2 cuisses de poulet",
    "description": "8,70 €/kg   400g",
    "prix": 3.48,
    "unite": 1,
    "image_filename": null
  },
  {
    "id": 4676,
    "catalog_file_id": 195,
    "produit": "poulet entier (moyen)",
    "description": "7,50 €/KG    pour 1kg700",
    "prix": 12.75,
    "unite": 1,
    "image_filename": null
  },
  {
    "id": 4677,
    "catalog_file_id": 195,
    "produit": "Coquelet ",
    "description": "8,10 €/kg    pour 850 g",
    "prix": 6.88,
    "unite": 1,
    "image_filename": null
  },
  {
    "id": 4678,
    "catalog_file_id": 195,
    "produit": "pintade",
    "description": "9 €/kg   pour 1kg500",
    "prix": 13.5,
    "unite": 1,
    "image_filename": null
  },
  {
    "id": 4679,
    "catalog_file_id": 195,
    "produit": "Ailes de poulets",
    "description": "Paquet de 6 ailes",
    "prix": 4.8,
    "unite": 1,
    "image_filename": null
  },
  {
    "id": 4680,
    "catalog_file_id": 196,
    "produit": "Viande haché",
    "description": "500 G DLC 6 jours",
    "prix": 10.5,
    "unite": 1,
    "image_filename": null
  },
  {
    "id": 4681,
    "catalog_file_id": 196,
    "produit": "Colis de 3 conserves de bœuf bio",
    "description": "1 Bolognaise +1 Axoa +1 Gras double en bocaux de 380 g",
    "prix": 28,
    "unite": 1,
    "image_filename": null
  },
  {
    "id": 4682,
    "catalog_file_id": 196,
    "produit": "Côte à l'os de bœuf bio",
    "description": "pièce d'environ 1 kg ",
    "prix": 36,
    "unite": 1,
    "image_filename": null
  },
  {
    "id": 4683,
    "catalog_file_id": 196,
    "produit": "t-bones de bœuf bio",
    "description": "pièce d'environ 1 kg",
    "prix": 36,
    "unite": 1,
    "image_filename": null
  },
  {
    "id": 4684,
    "catalog_file_id": 197,
    "produit": "1 Pave de truite",
    "description": "1x 120 g environ / 25.20 le kilo",
    "prix": 3,
    "unite": 1,
    "image_filename": null
  },
  {
    "id": 4685,
    "catalog_file_id": 197,
    "produit": "1 Filet de truite",
    "description": "Filet entier au prix de 25.20 le kg",
    "prix": 25.2,
    "unite": 1,
    "image_filename": null
  },
  {
    "id": 4686,
    "catalog_file_id": 197,
    "produit": "oeufs de truite truchetet_Unite_",
    "description": "oeufs de truite",
    "prix": 7.6,
    "unite": 1,
    "image_filename": null
  },
  {
    "id": 4687,
    "catalog_file_id": 197,
    "produit": "Truite entiere truchetet_Kilo_",
    "description": "Truite entiere de septembre à décembre 2025  1.5 kg/ 2kg",
    "prix": 15.2,
    "unite": 1,
    "image_filename": null
  },
  {
    "id": 4688,
    "catalog_file_id": 197,
    "produit": "Truite fumee paquet 150g truchetet_Unite_",
    "description": "Truite fumee paquet 150g ( 4 tranches )",
    "prix": 8.5,
    "unite": 1,
    "image_filename": null
  },
  {
    "id": 4689,
    "catalog_file_id": 197,
    "produit": "Truite fumee paquet 250g_ truchetet_Unite_",
    "description": "Truite fumee paquet 250g (7 tranches)",
    "prix": 13.8,
    "unite": 1,
    "image_filename": null
  },
  {
    "id": 4690,
    "catalog_file_id": 197,
    "produit": "2 pavés de truite",
    "description": "2 x 120 g environ / 25,20 € le kg",
    "prix": 6,
    "unite": 1,
    "image_filename": null
  },
  {
    "id": 4691,
    "catalog_file_id": 197,
    "produit": "3 pavés de truite",
    "description": "3 x 120 g environ / 25,20 le kg",
    "prix": 9,
    "unite": 1,
    "image_filename": null
  },
  {
    "id": 4692,
    "catalog_file_id": 197,
    "produit": "4 pavés de truite",
    "description": "4 x 120 g environ / 25,20 € le kg",
    "prix": 12,
    "unite": 1,
    "image_filename": null
  },
  {
    "id": 4693,
    "catalog_file_id": 197,
    "produit": "5 pavés de truite ",
    "description": "5 x 120 g environ / 25, 20 le kg",
    "prix": 15,
    "unite": 1,
    "image_filename": null
  },
  {
    "id": 4694,
    "catalog_file_id": 198,
    "produit": "Pain de Campagne Miche 2000 g",
    "description": "Gros pain de 2 kg, très longue cuisson.  ingrédients : Farine de Blé T80, levain de Seigle T170, eau, sel",
    "prix": 4.43,
    "unite": 1,
    "image_filename": null
  },
  {
    "id": 4695,
    "catalog_file_id": 198,
    "produit": "Pain complet Grand Moulé 1300g",
    "description": "Pain complet riche en fibres et minéraux, sans acide phytique grâce à la longue fermentation au levain. ingrédients : Farine de Blé T80, Rémoulage, son fin,  levain de Seigle T170, eau, sel",
    "prix": 4.59,
    "unite": 1,
    "image_filename": null
  },
  {
    "id": 4696,
    "catalog_file_id": 198,
    "produit": "Pain Intégral Grand Moulé 1300 g",
    "description": "Pain au levain de seigle, réalisé avec l'intégralité du grain de blé.  Très riche en fibres et minéraux ingrédients : Farine de Blé T80, Rémoulage, son gros, son fin,  levain de Seigle T170, eau, sel",
    "prix": 4.59,
    "unite": 1,
    "image_filename": null
  },
  {
    "id": 4697,
    "catalog_file_id": 198,
    "produit": "1/2 Focaccia en plaque de 1600 g",
    "description": "Pâte levée italienne, largement bassinée à l'huile d'Olive, vendue en 1/2 plaque de 1600 g de 30cm x 40 cm ingrédients : Farine de Blé T65\r\nlevain dur de blé T55\r\neau, sel, huile d'olive, origan",
    "prix": 9.28,
    "unite": 1,
    "image_filename": null
  },
  {
    "id": 4698,
    "catalog_file_id": 198,
    "produit": "1/2 Focaccia Olives & Tomates",
    "description": "Base de pâte à Focaccia + Olives de kalamata, Tomates séchées, huile d'olive et origan ingrédients : Farine de Blé T65\r\nEau, sel, levain dur de blé T55, \r\nOlives de kalamata, Tomates",
    "prix": 18.4,
    "unite": 1,
    "image_filename": null
  },
  {
    "id": 4699,
    "catalog_file_id": 198,
    "produit": "Focaccia en plaque de 3200 g",
    "description": "Pâte levée italienne, largement bassinée à l'huile d'Olive, vendue en plaque de 3200 g de 60cm x 40 cm ingrédients : Farine de Blé T65\r\nlevain dur de blé T55\r\neau, sel, huile d'olive, origan",
    "prix": 18.57,
    "unite": 1,
    "image_filename": null
  },
  {
    "id": 4700,
    "catalog_file_id": 198,
    "produit": "Pain aux Noix Grand Moulé 1300 g",
    "description": "Un pain aux noix concassées et réhydratées, sur la base du pain de Campagne.  ingrédients : Farine de Blé T80, levain de Seigle T170, Noix, eau, sel",
    "prix": 8.23,
    "unite": 1,
    "image_filename": null
  },
  {
    "id": 4701,
    "catalog_file_id": 198,
    "produit": "Pain aux graines Banneton 1000g",
    "description": "Pain façonné en banneton osier et cuit à même sur la sole du four. Une croûte profonde et mie ouverte. ingrédients : Farine de Blé T80, levain de Seigle T170, lin brun, lin doré, tournesol, sésame, pavot, eau, sel",
    "prix": 5.05,
    "unite": 1,
    "image_filename": null
  },
  {
    "id": 4702,
    "catalog_file_id": 198,
    "produit": "Pain aux graines Grand Moulé 1300g",
    "description": "Pain aux graines oléagineuses sur base de pain de campagne.  ingrédients : Farine de Blé T80, levain de Seigle T170, lin brun, lin doré, tournesol, sésame, pavot, eau, sel",
    "prix": 5.05,
    "unite": 1,
    "image_filename": null
  },
  {
    "id": 4703,
    "catalog_file_id": 198,
    "produit": "Pain Généreux Grand Moulé 1300g",
    "description": "Pain aux fruits sec et fruits à coque, enveloppé dans des flocons d'avoine. ingrédients : Farine de Blé T80, levain de Seigle T170, Noisettes, Abricots, raisins de corinthe, flocons d'avoines, graines de courge, eau, sel",
    "prix": 6.7,
    "unite": 1,
    "image_filename": null
  },
  {
    "id": 4704,
    "catalog_file_id": 198,
    "produit": "Pain de Campagne Moule Fermé 1500 g",
    "description": "Pain de Campagne cuit en moule fermé.\r\nIl a une forme parfaitement rectangulaire, et très peu de croûte ingrédients : Farine de Blé T80, levain de Seigle T170, eau, sel",
    "prix": 4.43,
    "unite": 1,
    "image_filename": null
  },
  {
    "id": 4705,
    "catalog_file_id": 198,
    "produit": "Pain de Khorasan en boule de 800 g",
    "description": "Farine de Blé dur ancien de variété Khorasan.  ingrédients : Farine de Khorasan \r\nLevain de Khorasan\r\neau, sel",
    "prix": 6.27,
    "unite": 1,
    "image_filename": null
  },
  {
    "id": 4706,
    "catalog_file_id": 198,
    "produit": "Petit Epeautre petit moule 500 g",
    "description": "Pain à la farine de Petit épeautre complet (engrain), et au levain de petit épeautre complet.\r\nTerroir AOP des Alpes de Haute Provence\r\nTrès riche en protéine et pauvre en gluten. ingrédients : Farine de Petit Epeautre complet\r\nlevain de Petit Epeautre, \r\neau, sel",
    "prix": 3.8,
    "unite": 1,
    "image_filename": null
  },
  {
    "id": 4707,
    "catalog_file_id": 198,
    "produit": "Petit Epeautre Grand  moule 1300 g",
    "description": "Pain à la farine de Petit épeautre complet (engrain), et au levain de petit épeautre complet.\r\nTerroir AOP des Alpes de Haute Provence\r\nTrès riche en protéine et pauvre en gluten. ingrédients : Farine de Petit Epeautre complet\r\nlevain de Petit Epeautre, \r\neau, sel",
    "prix": 8.02,
    "unite": 1,
    "image_filename": null
  },
  {
    "id": 4708,
    "catalog_file_id": 198,
    "produit": "Pain aux graines Miche 2000 g",
    "description": "Gros pain de 2 kg, très longue cuisson.  ingrédients : Farine de Blé T80, levain de Seigle T170, lin brun, lin doré, tournesol, sésame, pavot, eau, sel",
    "prix": 5.05,
    "unite": 1,
    "image_filename": null
  },
  {
    "id": 4709,
    "catalog_file_id": 198,
    "produit": "Pain de Méteil en Boule 1000 g",
    "description": "Pain rustique mi blé mi seigle au levain de seigle ingrédients : Farine de Blé T80\r\nFarine de Seigle T70\r\neau, sel, levain de seigle",
    "prix": 4.91,
    "unite": 1,
    "image_filename": null
  },
  {
    "id": 4710,
    "catalog_file_id": 198,
    "produit": "Pain Complet Banneton 1000 g",
    "description": "Pain complet riche en fibres et minéraux, sans acide phytique grâce à la longue fermentation au levain. ingrédients : Pain complet riche en fibres et minéraux, sans acide phytique grâce à la longue fermentation au levain.",
    "prix": 4.59,
    "unite": 1,
    "image_filename": null
  },
  {
    "id": 4711,
    "catalog_file_id": 198,
    "produit": "Pain au Maïs en petit moules 500 g",
    "description": "Farine de Maïs Ancien Grand Roux Basque\r\nBlé et Graines de tournesol ingrédients : Farine de Maïs\r\nFarine de Blé T65\r\nLevain de Blé, eau, sel\r\nGraines de tournesol\r\nCurcuma",
    "prix": 3.69,
    "unite": 1,
    "image_filename": null
  },
  {
    "id": 4712,
    "catalog_file_id": 198,
    "produit": "Focaccia Olives & Tomates",
    "description": "Base de pâte à Focaccia + Olives de kalamata, Tomates séchées, huile d'olive et origan ingrédients : Farine de Blé T65\r\nEau, sel, levain dur de blé T55, \r\nOlives de kalamata, Tomates",
    "prix": 36.8,
    "unite": 1,
    "image_filename": null
  },
  {
    "id": 4713,
    "catalog_file_id": 198,
    "produit": "Pain de Riz et Sorgho aux graines en petit moule 500 g",
    "description": "Base du pain de riz et Sorgho, \r\nMélange de graines oléagineuses\r\n ingrédients : Farine de Riz\r\nfarine de sorgho\r\neau, sel, levain, huile d'olive\r\n\r\nLin brun, lin doré, pavot, sésame, tournesol.",
    "prix": 4.91,
    "unite": 1,
    "image_filename": null
  },
  {
    "id": 4714,
    "catalog_file_id": 198,
    "produit": "Pain de Riz et Sorgho petit moule 500 g",
    "description": "Farines de Riz et de Sorgho, naturellement sans gluten, Huile d'olive. ingrédients : Farine de Riz\r\nFarine de Sorgho\r\nEau, sel, huile d'olive, levain et levure",
    "prix": 4.59,
    "unite": 1,
    "image_filename": null
  },
  {
    "id": 4715,
    "catalog_file_id": 198,
    "produit": "Brioche 450 g",
    "description": "Brioche au beurre Isigny Sainte Mère AOP et aux oeufs. Pas de lait ni d'eau. ingrédients : Farine de Blé T65, Levain de laitOeufs entiers, beurre Isigny St Mère, sucre de canne, sel, levure ",
    "prix": 6.18,
    "unite": 1,
    "image_filename": null
  },
  {
    "id": 4716,
    "catalog_file_id": 198,
    "produit": "Brioche 900 g",
    "description": "Brioche au beurre Isigny Sainte Mère AOP et aux oeufs. Pas de lait ni d'eau. ingrédients : Farine de Blé T65, \r\nLevain de lait\r\nOeufs entiers, beurre Isigny St Mère, \r\nsucre de canne, sel, levure ",
    "prix": 12.55,
    "unite": 1,
    "image_filename": null
  },
  {
    "id": 4717,
    "catalog_file_id": 198,
    "produit": "Roulé Cannelle 100 g",
    "description": "Sur une base de pain au lait, incorporation d'un beurre cannelle, puis tressage. ingrédients : Farine de Blé T65, lait, oeuf, beurre, sucre, sel, cannelle, levure",
    "prix": 1.69,
    "unite": 1,
    "image_filename": null
  },
  {
    "id": 4718,
    "catalog_file_id": 198,
    "produit": "Brioche Provençale \"Pompe à l'huile\"",
    "description": "Brioche sans beurre ni œuf, dessert traditionnel du diner des apôtres,\r\nNaturellement Vegan ingrédients : Farine de Blé T65\r\nLevain de Blé\r\nEau, sel, levure\r\nHuile d'Olive",
    "prix": 1.58,
    "unite": 1,
    "image_filename": null
  },
  {
    "id": 4719,
    "catalog_file_id": 198,
    "produit": "Cookies Noix-Noisettes-Chocolat",
    "description": "Cookies de 70 g\r\nGénéreusement garni de Noix, Noisettes et Chocolat ingrédients : Farine de Blé T65,\r\nOeufs entier, Beurre Isisgny Ste Mère, Sucre de Canne, \r\nNoix, Noisettes, Chocolat noir 66%\r\nsel, poudre levante",
    "prix": 1,
    "unite": 1,
    "image_filename": null
  },
  {
    "id": 4720,
    "catalog_file_id": 198,
    "produit": "Canistrellis",
    "description": "Biscuits de tradition Corse, à l'anis, huile d'olive et vin blanc ingrédients : Farine de Blé T65,\r\nhuile d'olive, vin blanc, sucre, sel, graines d'anis, poudre levante",
    "prix": 15.56,
    "unite": 1,
    "image_filename": null
  },
  {
    "id": 4721,
    "catalog_file_id": 198,
    "produit": "Brownie",
    "description": "Brownie aux Noix et chocolat noir 66% ingrédients : Farine de Blé T65\r\n Beurre Isigny St Mère, Œuf entier, sucre, noix, sel, poudre levante",
    "prix": 2.69,
    "unite": 1,
    "image_filename": null
  },
  {
    "id": 4722,
    "catalog_file_id": 198,
    "produit": "Cake au citron",
    "description": "Pour les amoureux du citron !\r\nZest de citron, jus de citron, citron confit, sirop de citron. ingrédients : Farine de Blé T65,\r\nCitron jaune\r\nSucre de canne, Œuf entier, beurre Isigny Ste Mère, amidon de Maïs, sel ",
    "prix": 7.91,
    "unite": 1,
    "image_filename": null
  },
  {
    "id": 4723,
    "catalog_file_id": 198,
    "produit": "Pain de Campagne Grand Moulé 1300g",
    "description": "Pain de Campagne cuit en moule rectangulaire. ingrédients : Farine de Blé T80, levain de Seigle T170, eau, sel",
    "prix": 4.43,
    "unite": 1,
    "image_filename": null
  },
  {
    "id": 4724,
    "catalog_file_id": 198,
    "produit": "Pain de Campagne Banneton 1000 g",
    "description": "Pain façonné en banneton osier et cuit à même sur la sole du four. Une croûte profonde et mie ouverte. ingrédients : Farine de Blé T80, levain de Seigle T170, eau, sel",
    "prix": 4.43,
    "unite": 1,
    "image_filename": null
  },
  {
    "id": 4725,
    "catalog_file_id": 198,
    "produit": "Pain de Campagne Grand Moulé 1500g",
    "description": "Pain de Campagne cuit en moule rectangulaire. ingrédients : Farine de Blé T80, levain de Seigle T170, eau, sel",
    "prix": 4.43,
    "unite": 1,
    "image_filename": null
  },
  {
    "id": 4726,
    "catalog_file_id": 198,
    "produit": "Sechskornbröt Petit moulé 500 g",
    "description": "Farine de Seigle Complet Blé semi complet Levain de seigle Sel et eau Tournesol, flocon d'avoine, lin brun, lin doré, graines de courge",
    "prix": 2.95,
    "unite": 1,
    "image_filename": null
  },
  {
    "id": 4727,
    "catalog_file_id": 199,
    "produit": "Pain aux graines Miche 2000 g",
    "description": "Gros pain de 2 kg, très longue cuisson.  ingrédients : Farine de Blé T80, levain de Seigle T170, lin brun, lin doré, tournesol, sésame, pavot, eau, sel",
    "prix": 5.05,
    "unite": 1,
    "image_filename": null
  },
  {
    "id": 4728,
    "catalog_file_id": 199,
    "produit": "Pain de Campagne Miche 2000 g",
    "description": "Gros pain de 2 kg, très longue cuisson.  ingrédients : Farine de Blé T80, levain de Seigle T170, eau, sel",
    "prix": 4.43,
    "unite": 1,
    "image_filename": null
  },
  {
    "id": 4729,
    "catalog_file_id": 199,
    "produit": "Pain de Campagne Moule Fermé 1500 g",
    "description": "Pain de Campagne cuit en moule fermé.\r\nIl a une forme parfaitement rectangulaire, et très peu de croûte ingrédients : Farine de Blé T80, levain de Seigle T170, eau, sel",
    "prix": 4.43,
    "unite": 1,
    "image_filename": null
  },
  {
    "id": 4730,
    "catalog_file_id": 199,
    "produit": "Petit Epeautre petit moule 500 g",
    "description": "Pain à la farine de Petit épeautre complet (engrain), et au levain de petit épeautre complet.\r\nTerroir AOP des Alpes de Haute Provence\r\nTrès riche en protéine et pauvre en gluten. ingrédients : Farine de Petit Epeautre complet\r\nlevain de Petit Epeautre, \r\neau, sel",
    "prix": 3.8,
    "unite": 1,
    "image_filename": null
  },
  {
    "id": 4731,
    "catalog_file_id": 199,
    "produit": "Pain de Riz et Sorgho petit moule 500 g",
    "description": "Farines de Riz et de Sorgho, naturellement sans gluten, Huile d'olive. ingrédients : Farine de Riz\r\nFarine de Sorgho\r\nEau, sel, huile d'olive, levain et levure",
    "prix": 4.59,
    "unite": 1,
    "image_filename": null
  },
  {
    "id": 4732,
    "catalog_file_id": 199,
    "produit": "Pain complet Grand Moulé 1300g",
    "description": "Pain complet riche en fibres et minéraux, sans acide phytique grâce à la longue fermentation au levain. ingrédients : Farine de Blé T80, Rémoulage, son fin,  levain de Seigle T170, eau, sel",
    "prix": 4.59,
    "unite": 1,
    "image_filename": null
  },
  {
    "id": 4733,
    "catalog_file_id": 199,
    "produit": "Pain aux graines Banneton 1000g",
    "description": "Pain façonné en banneton osier et cuit à même sur la sole du four. Une croûte profonde et mie ouverte. ingrédients : Farine de Blé T80, levain de Seigle T170, lin brun, lin doré, tournesol, sésame, pavot, eau, sel",
    "prix": 5.05,
    "unite": 1,
    "image_filename": null
  },
  {
    "id": 4734,
    "catalog_file_id": 199,
    "produit": "Pain Généreux Grand Moulé 1300g",
    "description": "Pain aux fruits sec et fruits à coque, enveloppé dans des flocons d'avoine. ingrédients : Farine de Blé T80, levain de Seigle T170, Noisettes, Abricots, raisins de corinthe, flocons d'avoines, graines de courge, eau, sel",
    "prix": 6.7,
    "unite": 1,
    "image_filename": null
  },
  {
    "id": 4735,
    "catalog_file_id": 199,
    "produit": "Petit Epeautre Grand  moule 1300 g",
    "description": "Pain à la farine de Petit épeautre complet (engrain), et au levain de petit épeautre complet.\r\nTerroir AOP des Alpes de Haute Provence\r\nTrès riche en protéine et pauvre en gluten. ingrédients : Farine de Petit Epeautre complet\r\nlevain de Petit Epeautre, \r\neau, sel",
    "prix": 8.02,
    "unite": 1,
    "image_filename": null
  },
  {
    "id": 4736,
    "catalog_file_id": 199,
    "produit": "Pain Complet Banneton 1000 g",
    "description": "Pain complet riche en fibres et minéraux, sans acide phytique grâce à la longue fermentation au levain. ingrédients : Pain complet riche en fibres et minéraux, sans acide phytique grâce à la longue fermentation au levain.",
    "prix": 4.59,
    "unite": 1,
    "image_filename": null
  },
  {
    "id": 4737,
    "catalog_file_id": 199,
    "produit": "Pain aux Noix Grand Moulé 1300 g",
    "description": "Un pain aux noix concassées et réhydratées, sur la base du pain de Campagne.  ingrédients : Farine de Blé T80, levain de Seigle T170, Noix, eau, sel",
    "prix": 8.23,
    "unite": 1,
    "image_filename": null
  },
  {
    "id": 4738,
    "catalog_file_id": 199,
    "produit": "Pain au Maïs en petit moules 500 g",
    "description": "Farine de Maïs Ancien Grand Roux Basque\r\nBlé et Graines de tournesol ingrédients : Farine de Maïs\r\nFarine de Blé T65\r\nLevain de Blé, eau, sel\r\nGraines de tournesol\r\nCurcuma",
    "prix": 3.69,
    "unite": 1,
    "image_filename": null
  },
  {
    "id": 4739,
    "catalog_file_id": 199,
    "produit": "Pain Intégral Grand Moulé 1300 g",
    "description": "Pain au levain de seigle, réalisé avec l'intégralité du grain de blé.  Très riche en fibres et minéraux ingrédients : Farine de Blé T80, Rémoulage, son gros, son fin,  levain de Seigle T170, eau, sel",
    "prix": 4.59,
    "unite": 1,
    "image_filename": null
  },
  {
    "id": 4740,
    "catalog_file_id": 199,
    "produit": "Brioche 900 g",
    "description": "Brioche au beurre Isigny Sainte Mère AOP et aux oeufs. Pas de lait ni d'eau. ingrédients : Farine de Blé T65, \r\nLevain de lait\r\nOeufs entiers, beurre Isigny St Mère, \r\nsucre de canne, sel, levure ",
    "prix": 12.55,
    "unite": 1,
    "image_filename": null
  },
  {
    "id": 4741,
    "catalog_file_id": 199,
    "produit": "Brioche 450 g",
    "description": "Brioche au beurre Isigny Sainte Mère AOP et aux oeufs. Pas de lait ni d'eau. ingrédients : Farine de Blé T65, Levain de laitOeufs entiers, beurre Isigny St Mère, sucre de canne, sel, levure ",
    "prix": 6.18,
    "unite": 1,
    "image_filename": null
  },
  {
    "id": 4742,
    "catalog_file_id": 199,
    "produit": "Brioche Provençale \"Pompe à l'huile\"",
    "description": "Brioche sans beurre ni œuf, dessert traditionnel du diner des apôtres,\r\nNaturellement Vegan ingrédients : Farine de Blé T65\r\nLevain de Blé\r\nEau, sel, levure\r\nHuile d'Olive",
    "prix": 1.58,
    "unite": 1,
    "image_filename": null
  },
  {
    "id": 4743,
    "catalog_file_id": 199,
    "produit": "Shokupan 500 g",
    "description": "Pain de Mie de tradition Japonaise réalisée sur 3 pâtes et au levain de Panettone. \r\nConservation exceptionnelle de 10 jours sous film.\r\n10cm x 10cm x 19 cm ingrédients : Farine de Blé T55,\r\nLevain de Panettone\r\nLait, eau, sucre de canne, beurre isigny sainte mère,\r\nsel",
    "prix": 4.85,
    "unite": 1,
    "image_filename": null
  },
  {
    "id": 4744,
    "catalog_file_id": 199,
    "produit": "Pain de Riz et Sorgho aux graines en petit moule 500 g",
    "description": "Base du pain de riz et Sorgho, \r\nMélange de graines oléagineuses\r\n ingrédients : Farine de Riz\r\nfarine de sorgho\r\neau, sel, levain, huile d'olive\r\n\r\nLin brun, lin doré, pavot, sésame, tournesol.",
    "prix": 4.91,
    "unite": 1,
    "image_filename": null
  },
  {
    "id": 4745,
    "catalog_file_id": 199,
    "produit": "Roulé Cannelle 100 g",
    "description": "Sur une base de pain au lait, incorporation d'un beurre cannelle, puis tressage. ingrédients : Farine de Blé T65, lait, oeuf, beurre, sucre, sel, cannelle, levure",
    "prix": 1.69,
    "unite": 1,
    "image_filename": null
  },
  {
    "id": 4746,
    "catalog_file_id": 199,
    "produit": "Shokupan 1400 g",
    "description": "Pain de Mie de tradition Japonaise réalisée sur 3 pâtes et au levain de Panettone. \r\nConservation exceptionnelle de 10 jours sous film.\r\n11cm x 11cm x 36 cm ingrédients : Farine de Blé T55,\r\nLevain de Panettone\r\nLait, eau, sucre de canne, beurre isigny sainte mère,\r\nsel",
    "prix": 11.92,
    "unite": 1,
    "image_filename": null
  },
  {
    "id": 4747,
    "catalog_file_id": 199,
    "produit": "Crackers",
    "description": "Crackers au levain de seigle et graines oléagineuses, huile d'olive, origan ingrédients : Farine de Blé T80\r\nFarine de Seigle T170\r\neau, sel, Lin Brun, Lin doré, Pavot, Sésame , Tournesol, Huile d'Olive, Origan",
    "prix": 15.09,
    "unite": 1,
    "image_filename": null
  },
  {
    "id": 4748,
    "catalog_file_id": 199,
    "produit": "Cookies Noix-Noisettes-Chocolat",
    "description": "Cookies de 70 g\r\nGénéreusement garni de Noix, Noisettes et Chocolat ingrédients : Farine de Blé T65,\r\nOeufs entier, Beurre Isisgny Ste Mère, Sucre de Canne, \r\nNoix, Noisettes, Chocolat noir 66%\r\nsel, poudre levante",
    "prix": 1,
    "unite": 1,
    "image_filename": null
  },
  {
    "id": 4749,
    "catalog_file_id": 199,
    "produit": "Canistrellis",
    "description": "Biscuits de tradition Corse, à l'anis, huile d'olive et vin blanc ingrédients : Farine de Blé T65,\r\nhuile d'olive, vin blanc, sucre, sel, graines d'anis, poudre levante",
    "prix": 15.56,
    "unite": 1,
    "image_filename": null
  },
  {
    "id": 4750,
    "catalog_file_id": 199,
    "produit": "Brownie",
    "description": "Brownie aux Noix et chocolat noir 66% ingrédients : Farine de Blé T65\r\n Beurre Isigny St Mère, Œuf entier, sucre, noix, sel, poudre levante",
    "prix": 2.69,
    "unite": 1,
    "image_filename": null
  },
  {
    "id": 4751,
    "catalog_file_id": 199,
    "produit": "Pain de Campagne Grand Moulé 1300g",
    "description": "Pain de Campagne cuit en moule rectangulaire. ingrédients : Farine de Blé T80, levain de Seigle T170, eau, sel",
    "prix": 4.43,
    "unite": 1,
    "image_filename": null
  },
  {
    "id": 4752,
    "catalog_file_id": 199,
    "produit": "Cake au citron",
    "description": "Pour les amoureux du citron !\r\nZest de citron, jus de citron, citron confit, sirop de citron. ingrédients : Farine de Blé T65,\r\nCitron jaune\r\nSucre de canne, Œuf entier, beurre Isigny Ste Mère, amidon de Maïs, sel ",
    "prix": 7.91,
    "unite": 1,
    "image_filename": null
  },
  {
    "id": 4753,
    "catalog_file_id": 199,
    "produit": "Pain de Campagne Grand Moulé 1500g",
    "description": "Pain de Campagne cuit en moule rectangulaire. ingrédients : Farine de Blé T80, levain de Seigle T170, eau, sel",
    "prix": 4.43,
    "unite": 1,
    "image_filename": null
  },
  {
    "id": 4754,
    "catalog_file_id": 199,
    "produit": "Pain de Campagne Banneton 1000 g",
    "description": "Pain façonné en banneton osier et cuit à même sur la sole du four. Une croûte profonde et mie ouverte. ingrédients : Farine de Blé T80, levain de Seigle T170, eau, sel",
    "prix": 4.43,
    "unite": 1,
    "image_filename": null
  },
  {
    "id": 4755,
    "catalog_file_id": 199,
    "produit": "Sechskornbröt Petit moulé 500 g",
    "description": "Farine de Seigle Complet Blé semi complet Levain de seigle Sel et eau Tournesol, flocon d'avoine, lin brun, lin doré, graines de courge",
    "prix": 2.95,
    "unite": 1,
    "image_filename": null
  },
  {
    "id": 4756,
    "catalog_file_id": 199,
    "produit": "Pain aux graines Grand Moulé 1300g",
    "description": "Pain aux graines oléagineuses sur base de pain de campagne.  ingrédients : Farine de Blé T80, levain de Seigle T170, lin brun, lin doré, tournesol, sésame, pavot, eau, sel",
    "prix": 5.05,
    "unite": 1,
    "image_filename": null
  },
  {
    "id": 4757,
    "catalog_file_id": 200,
    "produit": "Dinde",
    "description": "environ 3 kg à 13,30 le kg",
    "prix": 40,
    "unite": 1,
    "image_filename": null
  },
  {
    "id": 4758,
    "catalog_file_id": 200,
    "produit": "chapon",
    "description": "entre 3 et 4 kg à 12,95 le kg",
    "prix": 45,
    "unite": 1,
    "image_filename": null
  },
  {
    "id": 4759,
    "catalog_file_id": 200,
    "produit": "Pintade chaponnée",
    "description": "2 à 2,500 kg à 15,90 le kg",
    "prix": 37,
    "unite": 1,
    "image_filename": null
  },
  {
    "id": 4760,
    "catalog_file_id": 200,
    "produit": "Poularde",
    "description": "3 kg à 12 le kg",
    "prix": 36,
    "unite": 1,
    "image_filename": null
  },
  {
    "id": 4765,
    "catalog_file_id": 202,
    "produit": "Steak haché surgelé (12)",
    "description": "12 SH à 22 LE KG",
    "prix": 33,
    "unite": 1,
    "image_filename": null
  },
  {
    "id": 4766,
    "catalog_file_id": 202,
    "produit": "blanquette de veau",
    "description": "bocal de 750 g",
    "prix": 15,
    "unite": 1,
    "image_filename": null
  },
  {
    "id": 4767,
    "catalog_file_id": 202,
    "produit": "colis boeuf",
    "description": "colis 7 à 8 KG environ prix 22 € / KG  \r\n- partie fixe (entrecôte, faux filet, rôti, rumsteak )\r\n- partie au choix 3 KG  à préciser  ( bourguignon ou/et jarret ou/et merguez ou/et steaks hachés surgelés)",
    "prix": 165,
    "unite": 1,
    "image_filename": null
  },
  {
    "id": 4768,
    "catalog_file_id": 202,
    "produit": "Colis de veau",
    "description": "colis environ 6 KG prix 20,30 € / kg\r\nrôti, côtes filets, côtes découvertes, escalopes, poitrine, sauté, saucisse pur veau",
    "prix": 121,
    "unite": 1,
    "image_filename": null
  },
  {
    "id": 4769,
    "catalog_file_id": 202,
    "produit": "axoa de veau au piment d'Espelette",
    "description": "bocal de 750 g",
    "prix": 15,
    "unite": 1,
    "image_filename": null
  },
  {
    "id": 4770,
    "catalog_file_id": 202,
    "produit": "daube de boeuf",
    "description": "bocal de 750 g",
    "prix": 15,
    "unite": 1,
    "image_filename": null
  },
  {
    "id": 4772,
    "catalog_file_id": 204,
    "produit": "Saumon fumé Bømlo tranché",
    "description": "100 - 120 gr à 72,80 € le kg",
    "prix": 8,
    "unite": 1,
    "image_filename": null
  },
  {
    "id": 4773,
    "catalog_file_id": 204,
    "produit": "Pavé de saumon fumé Bømlo  ",
    "description": "1 pavé fumé 150 à 200 gr à 63,30 LE KG",
    "prix": 7.9,
    "unite": 1,
    "image_filename": null
  },
  {
    "id": 4774,
    "catalog_file_id": 204,
    "produit": "Filet de saumon fumé Bømlo entier ",
    "description": "filet fumé entier d'environ 1,400 kg à 63,30 € le kg ",
    "prix": 88,
    "unite": 1,
    "image_filename": null
  },
  {
    "id": 4775,
    "catalog_file_id": 204,
    "produit": "Gravlax de saumon Bømlo tranché aneth",
    "description": "100 à 120 gr à 72,80 € le kg",
    "prix": 8,
    "unite": 1,
    "image_filename": null
  },
  {
    "id": 4776,
    "catalog_file_id": 204,
    "produit": "Gravlax de truite des Pyrénées tranché basilic",
    "description": "100 à 120 gr à 60,13 € le kg",
    "prix": 6.6,
    "unite": 1,
    "image_filename": null
  },
  {
    "id": 4777,
    "catalog_file_id": 204,
    "produit": "Pavé de gravlax de truite des Pyrénées",
    "description": "pavé gravlax de 150 à 200 gr à 50,64 LE KG",
    "prix": 6.4,
    "unite": 1,
    "image_filename": null
  },
  {
    "id": 4778,
    "catalog_file_id": 204,
    "produit": "Maigre fumé Label rouge tranché",
    "description": "100 à 120 gr à 79,13 € le kg",
    "prix": 8.7,
    "unite": 1,
    "image_filename": null
  },
  {
    "id": 4779,
    "catalog_file_id": 204,
    "produit": "Pavé de maigre fumé Label rouge",
    "description": "Pavé de 150 à 200 g à 69,63 € le kg",
    "prix": 8.7,
    "unite": 1,
    "image_filename": null
  },
  {
    "id": 4780,
    "catalog_file_id": 204,
    "produit": "Filet de maigre fumé Label rouge ",
    "description": "filet d'environ 800 gr à 69,63 € le kg",
    "prix": 55,
    "unite": 1,
    "image_filename": null
  },
  {
    "id": 4781,
    "catalog_file_id": 204,
    "produit": "Noix de Saint Jacques fumées origine France",
    "description": "6 pièces 100 à 120 gr à 94,95 € le kg",
    "prix": 10.5,
    "unite": 1,
    "image_filename": null
  },
  {
    "id": 4782,
    "catalog_file_id": 204,
    "produit": "Rillettes de truite fumée des Pyrénées",
    "description": "Pot de 120 gr",
    "prix": 4.22,
    "unite": 1,
    "image_filename": null
  },
  {
    "id": 4783,
    "catalog_file_id": 205,
    "produit": "CITRON JAUNE_green organic antonio gonzalez_Kilo_",
    "description": "Par 1 kg",
    "prix": 2.5,
    "unite": 1,
    "image_filename": null
  },
  {
    "id": 4784,
    "catalog_file_id": 205,
    "produit": "AVOCAT_green organic antonio gonzalez_Kilo_",
    "description": "Par 1 kg",
    "prix": 6.5,
    "unite": 1,
    "image_filename": null
  },
  {
    "id": 4785,
    "catalog_file_id": 205,
    "produit": "grenade_green organic antonio gonzalez_Kilo_",
    "description": "Par 1 kg",
    "prix": 2.8,
    "unite": 1,
    "image_filename": null
  },
  {
    "id": 4786,
    "catalog_file_id": 205,
    "produit": "orange amère PAR 4 KG",
    "description": "Par 4 kg",
    "prix": 8,
    "unite": 1,
    "image_filename": null
  },
  {
    "id": 4787,
    "catalog_file_id": 205,
    "produit": "Lime douces par 2 kg",
    "description": "Par 2 kg agrumes avec un jus 2 X plus abondant qu'un citron plus intense en gout et aromatique",
    "prix": 8,
    "unite": 1,
    "image_filename": null
  },
  {
    "id": 4788,
    "catalog_file_id": 205,
    "produit": "limequat ",
    "description": "par 1 kg agrume avec une saveur acidulée et sucrée. il se mange avec la peau cru ou cuit. vitamines ABC et antioxydants . Relève agréablement les huitres ",
    "prix": 8.5,
    "unite": 1,
    "image_filename": null
  },
  {
    "id": 4789,
    "catalog_file_id": 205,
    "produit": "figues séchées",
    "description": "sachet de 250 g",
    "prix": 4,
    "unite": 1,
    "image_filename": null
  },
  {
    "id": 4790,
    "catalog_file_id": 205,
    "produit": "PAPAYE GREEN ORGANIC_green organic antonio gonzalez_Kilo_",
    "description": "PAPAYE GREEN ORGANIC",
    "prix": 7.5,
    "unite": 1,
    "image_filename": null
  },
  {
    "id": 4791,
    "catalog_file_id": 205,
    "produit": "patates douces_green organic antonio gonzalez_Kilo_",
    "description": "patates douces  par 6 kg 3€/kg ou par10 kg 2,80 €/kg",
    "prix": 2.8,
    "unite": 1,
    "image_filename": null
  },
  {
    "id": 4793,
    "catalog_file_id": 205,
    "produit": "ORANGE_green organic antonio gonzalez_Kilo_",
    "description": "Par 1kg",
    "prix": 2.1,
    "unite": 1,
    "image_filename": null
  },
  {
    "id": 4794,
    "catalog_file_id": 205,
    "produit": "bananes canarie",
    "description": "Par 1 kg",
    "prix": 4.5,
    "unite": 1,
    "image_filename": null
  },
  {
    "id": 4795,
    "catalog_file_id": 205,
    "produit": "clementines",
    "description": "par 1 kg",
    "prix": 3,
    "unite": 1,
    "image_filename": null
  },
  {
    "id": 4796,
    "catalog_file_id": 205,
    "produit": "MIX agrumes bio 6 kg",
    "description": "2kg clémentines +2kg oranges +1kg citrons jaunes + 1 kg pomelos   ",
    "prix": 18,
    "unite": 1,
    "image_filename": null
  },
  {
    "id": 4797,
    "catalog_file_id": 205,
    "produit": "pamplemousses bio",
    "description": "Par 1 kg",
    "prix": 3.5,
    "unite": 1,
    "image_filename": null
  },
  {
    "id": 4798,
    "catalog_file_id": 205,
    "produit": "PISTACHES SANS SEL 200GR ANTONIO GREEN ORGANIC_green organic antonio gonzalez_Unite_",
    "description": "PISTACHES SANS SEL 200GR ANTONIO GREEN ORGANIC",
    "prix": 6,
    "unite": 1,
    "image_filename": null
  },
  {
    "id": 4799,
    "catalog_file_id": 205,
    "produit": "citrons verts_green organic antonio gonzalez_Kilo_",
    "description": "Par 1 kg",
    "prix": 3.5,
    "unite": 1,
    "image_filename": null
  },
  {
    "id": 4800,
    "catalog_file_id": 205,
    "produit": "CURCUMA FRAIS ANTONIO GREEN ORGANIC_green organic antonio gonzalez_Kilo_",
    "description": "CURCUMA FRAIS ANTONIO GREEN ORGANIC",
    "prix": 9,
    "unite": 1,
    "image_filename": null
  },
  {
    "id": 4801,
    "catalog_file_id": 205,
    "produit": "FRUIT DE LA PASSION_green organic antonio gonzalez_Kilo_",
    "description": "Par 1 kg",
    "prix": 15.5,
    "unite": 1,
    "image_filename": null
  },
  {
    "id": 4802,
    "catalog_file_id": 205,
    "produit": "GINGEMBRE_green organic antonio gonzalez_Kilo_",
    "description": "GINGEMBRE",
    "prix": 9,
    "unite": 1,
    "image_filename": null
  },
  {
    "id": 4803,
    "catalog_file_id": 206,
    "produit": "Pain de Campagne Miche 2000 g",
    "description": "Gros pain de 2 kg, très longue cuisson.  ingrédients : Farine de Blé T80, levain de Seigle T170, eau, sel",
    "prix": 4.43,
    "unite": 1,
    "image_filename": null
  },
  {
    "id": 4804,
    "catalog_file_id": 206,
    "produit": "Pain complet Grand Moulé 1300g",
    "description": "Pain complet riche en fibres et minéraux, sans acide phytique grâce à la longue fermentation au levain. ingrédients : Farine de Blé T80, Rémoulage, son fin,  levain de Seigle T170, eau, sel",
    "prix": 4.59,
    "unite": 1,
    "image_filename": null
  },
  {
    "id": 4805,
    "catalog_file_id": 206,
    "produit": "Pain Intégral Grand Moulé 1300 g",
    "description": "Pain au levain de seigle, réalisé avec l'intégralité du grain de blé.  Très riche en fibres et minéraux ingrédients : Farine de Blé T80, Rémoulage, son gros, son fin,  levain de Seigle T170, eau, sel",
    "prix": 4.59,
    "unite": 1,
    "image_filename": null
  },
  {
    "id": 4806,
    "catalog_file_id": 206,
    "produit": "1/2 Focaccia en plaque de 1600 g",
    "description": "Pâte levée italienne, largement bassinée à l'huile d'Olive, vendue en 1/2 plaque de 1600 g de 30cm x 40 cm ingrédients : Farine de Blé T65\r\nlevain dur de blé T55\r\neau, sel, huile d'olive, origan",
    "prix": 9.28,
    "unite": 1,
    "image_filename": null
  },
  {
    "id": 4807,
    "catalog_file_id": 206,
    "produit": "Focaccia en plaque de 3200 g",
    "description": "Pâte levée italienne, largement bassinée à l'huile d'Olive, vendue en plaque de 3200 g de 60cm x 40 cm ingrédients : Farine de Blé T65\r\nlevain dur de blé T55\r\neau, sel, huile d'olive, origan",
    "prix": 18.57,
    "unite": 1,
    "image_filename": null
  },
  {
    "id": 4808,
    "catalog_file_id": 206,
    "produit": "1/2 Focaccia Olives & Tomates",
    "description": "Base de pâte à Focaccia + Olives de kalamata, Tomates séchées, huile d'olive et origan ingrédients : Farine de Blé T65\r\nEau, sel, levain dur de blé T55, \r\nOlives de kalamata, Tomates",
    "prix": 18.4,
    "unite": 1,
    "image_filename": null
  },
  {
    "id": 4809,
    "catalog_file_id": 206,
    "produit": "Pain aux Noix Grand Moulé 1300 g",
    "description": "Un pain aux noix concassées et réhydratées, sur la base du pain de Campagne.  ingrédients : Farine de Blé T80, levain de Seigle T170, Noix, eau, sel",
    "prix": 8.23,
    "unite": 1,
    "image_filename": null
  },
  {
    "id": 4810,
    "catalog_file_id": 206,
    "produit": "Pain aux graines Banneton 1000g",
    "description": "Pain façonné en banneton osier et cuit à même sur la sole du four. Une croûte profonde et mie ouverte. ingrédients : Farine de Blé T80, levain de Seigle T170, lin brun, lin doré, tournesol, sésame, pavot, eau, sel",
    "prix": 5.05,
    "unite": 1,
    "image_filename": null
  },
  {
    "id": 4811,
    "catalog_file_id": 206,
    "produit": "Pain aux graines Grand Moulé 1300g",
    "description": "Pain aux graines oléagineuses sur base de pain de campagne.  ingrédients : Farine de Blé T80, levain de Seigle T170, lin brun, lin doré, tournesol, sésame, pavot, eau, sel",
    "prix": 5.05,
    "unite": 1,
    "image_filename": null
  },
  {
    "id": 4812,
    "catalog_file_id": 206,
    "produit": "Pain Généreux Grand Moulé 1300g",
    "description": "Pain aux fruits sec et fruits à coque, enveloppé dans des flocons d'avoine. ingrédients : Farine de Blé T80, levain de Seigle T170, Noisettes, Abricots, raisins de corinthe, flocons d'avoines, graines de courge, eau, sel",
    "prix": 6.7,
    "unite": 1,
    "image_filename": null
  },
  {
    "id": 4813,
    "catalog_file_id": 206,
    "produit": "Pain de Campagne Moule Fermé 1500 g",
    "description": "Pain de Campagne cuit en moule fermé.\r\nIl a une forme parfaitement rectangulaire, et très peu de croûte ingrédients : Farine de Blé T80, levain de Seigle T170, eau, sel",
    "prix": 4.43,
    "unite": 1,
    "image_filename": null
  },
  {
    "id": 4814,
    "catalog_file_id": 206,
    "produit": "Pain de Khorasan en boule de 800 g",
    "description": "Farine de Blé dur ancien de variété Khorasan.  ingrédients : Farine de Khorasan \r\nLevain de Khorasan\r\neau, sel",
    "prix": 6.27,
    "unite": 1,
    "image_filename": null
  },
  {
    "id": 4815,
    "catalog_file_id": 206,
    "produit": "Petit Epeautre petit moule 500 g",
    "description": "Pain à la farine de Petit épeautre complet (engrain), et au levain de petit épeautre complet.\r\nTerroir AOP des Alpes de Haute Provence\r\nTrès riche en protéine et pauvre en gluten. ingrédients : Farine de Petit Epeautre complet\r\nlevain de Petit Epeautre, \r\neau, sel",
    "prix": 3.8,
    "unite": 1,
    "image_filename": null
  },
  {
    "id": 4816,
    "catalog_file_id": 206,
    "produit": "Petit Epeautre Grand  moule 1300 g",
    "description": "Pain à la farine de Petit épeautre complet (engrain), et au levain de petit épeautre complet.\r\nTerroir AOP des Alpes de Haute Provence\r\nTrès riche en protéine et pauvre en gluten. ingrédients : Farine de Petit Epeautre complet\r\nlevain de Petit Epeautre, \r\neau, sel",
    "prix": 8.02,
    "unite": 1,
    "image_filename": null
  },
  {
    "id": 4817,
    "catalog_file_id": 206,
    "produit": "Pain aux graines Miche 2000 g",
    "description": "Gros pain de 2 kg, très longue cuisson.  ingrédients : Farine de Blé T80, levain de Seigle T170, lin brun, lin doré, tournesol, sésame, pavot, eau, sel",
    "prix": 5.05,
    "unite": 1,
    "image_filename": null
  },
  {
    "id": 4818,
    "catalog_file_id": 206,
    "produit": "Pain de Méteil en Boule 1000 g",
    "description": "Pain rustique mi blé mi seigle au levain de seigle ingrédients : Farine de Blé T80\r\nFarine de Seigle T70\r\neau, sel, levain de seigle",
    "prix": 4.91,
    "unite": 1,
    "image_filename": null
  },
  {
    "id": 4819,
    "catalog_file_id": 206,
    "produit": "Pain Complet Banneton 1000 g",
    "description": "Pain complet riche en fibres et minéraux, sans acide phytique grâce à la longue fermentation au levain. ingrédients : Pain complet riche en fibres et minéraux, sans acide phytique grâce à la longue fermentation au levain.",
    "prix": 4.59,
    "unite": 1,
    "image_filename": null
  },
  {
    "id": 4820,
    "catalog_file_id": 206,
    "produit": "Pain au Maïs en petit moules 500 g",
    "description": "Farine de Maïs Ancien Grand Roux Basque\r\nBlé et Graines de tournesol ingrédients : Farine de Maïs\r\nFarine de Blé T65\r\nLevain de Blé, eau, sel\r\nGraines de tournesol\r\nCurcuma",
    "prix": 3.69,
    "unite": 1,
    "image_filename": null
  },
  {
    "id": 4821,
    "catalog_file_id": 206,
    "produit": "Focaccia Olives & Tomates",
    "description": "Base de pâte à Focaccia + Olives de kalamata, Tomates séchées, huile d'olive et origan ingrédients : Farine de Blé T65\r\nEau, sel, levain dur de blé T55, \r\nOlives de kalamata, Tomates",
    "prix": 36.8,
    "unite": 1,
    "image_filename": null
  },
  {
    "id": 4822,
    "catalog_file_id": 206,
    "produit": "Pain de Riz et Sorgho aux graines en petit moule 500 g",
    "description": "Base du pain de riz et Sorgho, \r\nMélange de graines oléagineuses\r\n ingrédients : Farine de Riz\r\nfarine de sorgho\r\neau, sel, levain, huile d'olive\r\n\r\nLin brun, lin doré, pavot, sésame, tournesol.",
    "prix": 4.91,
    "unite": 1,
    "image_filename": null
  },
  {
    "id": 4823,
    "catalog_file_id": 206,
    "produit": "Pain de Riz et Sorgho petit moule 500 g",
    "description": "Farines de Riz et de Sorgho, naturellement sans gluten, Huile d'olive. ingrédients : Farine de Riz\r\nFarine de Sorgho\r\nEau, sel, huile d'olive, levain et levure",
    "prix": 4.59,
    "unite": 1,
    "image_filename": null
  },
  {
    "id": 4824,
    "catalog_file_id": 206,
    "produit": "Brioche 450 g",
    "description": "Brioche au beurre Isigny Sainte Mère AOP et aux oeufs. Pas de lait ni d'eau. ingrédients : Farine de Blé T65, Levain de laitOeufs entiers, beurre Isigny St Mère, sucre de canne, sel, levure ",
    "prix": 6.18,
    "unite": 1,
    "image_filename": null
  },
  {
    "id": 4825,
    "catalog_file_id": 206,
    "produit": "Brioche 900 g",
    "description": "Brioche au beurre Isigny Sainte Mère AOP et aux oeufs. Pas de lait ni d'eau. ingrédients : Farine de Blé T65, \r\nLevain de lait\r\nOeufs entiers, beurre Isigny St Mère, \r\nsucre de canne, sel, levure ",
    "prix": 12.55,
    "unite": 1,
    "image_filename": null
  },
  {
    "id": 4826,
    "catalog_file_id": 206,
    "produit": "Roulé Cannelle 100 g",
    "description": "Sur une base de pain au lait, incorporation d'un beurre cannelle, puis tressage. ingrédients : Farine de Blé T65, lait, oeuf, beurre, sucre, sel, cannelle, levure",
    "prix": 1.69,
    "unite": 1,
    "image_filename": null
  },
  {
    "id": 4827,
    "catalog_file_id": 206,
    "produit": "Brioche Provençale \"Pompe à l'huile\"",
    "description": "Brioche sans beurre ni œuf, dessert traditionnel du diner des apôtres,\r\nNaturellement Vegan ingrédients : Farine de Blé T65\r\nLevain de Blé\r\nEau, sel, levure\r\nHuile d'Olive",
    "prix": 1.58,
    "unite": 1,
    "image_filename": null
  },
  {
    "id": 4828,
    "catalog_file_id": 206,
    "produit": "Cookies Noix-Noisettes-Chocolat",
    "description": "Cookies de 70 g\r\nGénéreusement garni de Noix, Noisettes et Chocolat ingrédients : Farine de Blé T65,\r\nOeufs entier, Beurre Isisgny Ste Mère, Sucre de Canne, \r\nNoix, Noisettes, Chocolat noir 66%\r\nsel, poudre levante",
    "prix": 1,
    "unite": 1,
    "image_filename": null
  },
  {
    "id": 4829,
    "catalog_file_id": 206,
    "produit": "Canistrellis",
    "description": "Biscuits de tradition Corse, à l'anis, huile d'olive et vin blanc ingrédients : Farine de Blé T65,\r\nhuile d'olive, vin blanc, sucre, sel, graines d'anis, poudre levante",
    "prix": 15.56,
    "unite": 1,
    "image_filename": null
  },
  {
    "id": 4830,
    "catalog_file_id": 206,
    "produit": "Brownie",
    "description": "Brownie aux Noix et chocolat noir 66% ingrédients : Farine de Blé T65\r\n Beurre Isigny St Mère, Œuf entier, sucre, noix, sel, poudre levante",
    "prix": 2.69,
    "unite": 1,
    "image_filename": null
  },
  {
    "id": 4831,
    "catalog_file_id": 206,
    "produit": "Cake au citron",
    "description": "Pour les amoureux du citron !\r\nZest de citron, jus de citron, citron confit, sirop de citron. ingrédients : Farine de Blé T65,\r\nCitron jaune\r\nSucre de canne, Œuf entier, beurre Isigny Ste Mère, amidon de Maïs, sel ",
    "prix": 7.91,
    "unite": 1,
    "image_filename": null
  },
  {
    "id": 4832,
    "catalog_file_id": 206,
    "produit": "Pain de Campagne Grand Moulé 1300g",
    "description": "Pain de Campagne cuit en moule rectangulaire. ingrédients : Farine de Blé T80, levain de Seigle T170, eau, sel",
    "prix": 4.43,
    "unite": 1,
    "image_filename": null
  },
  {
    "id": 4833,
    "catalog_file_id": 206,
    "produit": "Pain de Campagne Banneton 1000 g",
    "description": "Pain façonné en banneton osier et cuit à même sur la sole du four. Une croûte profonde et mie ouverte. ingrédients : Farine de Blé T80, levain de Seigle T170, eau, sel",
    "prix": 4.43,
    "unite": 1,
    "image_filename": null
  },
  {
    "id": 4834,
    "catalog_file_id": 206,
    "produit": "Pain de Campagne Grand Moulé 1500g",
    "description": "Pain de Campagne cuit en moule rectangulaire. ingrédients : Farine de Blé T80, levain de Seigle T170, eau, sel",
    "prix": 4.43,
    "unite": 1,
    "image_filename": null
  },
  {
    "id": 4835,
    "catalog_file_id": 206,
    "produit": "Sechskornbröt Petit moulé 500 g",
    "description": "Farine de Seigle Complet Blé semi complet Levain de seigle Sel et eau Tournesol, flocon d'avoine, lin brun, lin doré, graines de courge",
    "prix": 2.95,
    "unite": 1,
    "image_filename": null
  },
  {
    "id": 4836,
    "catalog_file_id": 207,
    "produit": "Pain de Campagne Miche 2000 g",
    "description": "Gros pain de 2 kg, très longue cuisson.  ingrédients : Farine de Blé T80, levain de Seigle T170, eau, sel",
    "prix": 4.43,
    "unite": 1,
    "image_filename": null
  },
  {
    "id": 4837,
    "catalog_file_id": 207,
    "produit": "Pain aux graines Miche 2000 g",
    "description": "Gros pain de 2 kg, très longue cuisson.  ingrédients : Farine de Blé T80, levain de Seigle T170, lin brun, lin doré, tournesol, sésame, pavot, eau, sel",
    "prix": 5.05,
    "unite": 1,
    "image_filename": null
  },
  {
    "id": 4838,
    "catalog_file_id": 207,
    "produit": "Petit Epeautre petit moule 500 g",
    "description": "Pain à la farine de Petit épeautre complet (engrain), et au levain de petit épeautre complet.\r\nTerroir AOP des Alpes de Haute Provence\r\nTrès riche en protéine et pauvre en gluten. ingrédients : Farine de Petit Epeautre complet\r\nlevain de Petit Epeautre, \r\neau, sel",
    "prix": 3.8,
    "unite": 1,
    "image_filename": null
  },
  {
    "id": 4839,
    "catalog_file_id": 207,
    "produit": "Pain de Campagne Moule Fermé 1500 g",
    "description": "Pain de Campagne cuit en moule fermé.\r\nIl a une forme parfaitement rectangulaire, et très peu de croûte ingrédients : Farine de Blé T80, levain de Seigle T170, eau, sel",
    "prix": 4.43,
    "unite": 1,
    "image_filename": null
  },
  {
    "id": 4840,
    "catalog_file_id": 207,
    "produit": "Pain de Riz et Sorgho petit moule 500 g",
    "description": "Farines de Riz et de Sorgho, naturellement sans gluten, Huile d'olive. ingrédients : Farine de Riz\r\nFarine de Sorgho\r\nEau, sel, huile d'olive, levain et levure",
    "prix": 4.59,
    "unite": 1,
    "image_filename": null
  },
  {
    "id": 4841,
    "catalog_file_id": 207,
    "produit": "Pain aux graines Banneton 1000g",
    "description": "Pain façonné en banneton osier et cuit à même sur la sole du four. Une croûte profonde et mie ouverte. ingrédients : Farine de Blé T80, levain de Seigle T170, lin brun, lin doré, tournesol, sésame, pavot, eau, sel",
    "prix": 5.05,
    "unite": 1,
    "image_filename": null
  },
  {
    "id": 4842,
    "catalog_file_id": 207,
    "produit": "Pain Généreux Grand Moulé 1300g",
    "description": "Pain aux fruits sec et fruits à coque, enveloppé dans des flocons d'avoine. ingrédients : Farine de Blé T80, levain de Seigle T170, Noisettes, Abricots, raisins de corinthe, flocons d'avoines, graines de courge, eau, sel",
    "prix": 6.7,
    "unite": 1,
    "image_filename": null
  },
  {
    "id": 4843,
    "catalog_file_id": 207,
    "produit": "Petit Epeautre Grand  moule 1300 g",
    "description": "Pain à la farine de Petit épeautre complet (engrain), et au levain de petit épeautre complet.\r\nTerroir AOP des Alpes de Haute Provence\r\nTrès riche en protéine et pauvre en gluten. ingrédients : Farine de Petit Epeautre complet\r\nlevain de Petit Epeautre, \r\neau, sel",
    "prix": 8.02,
    "unite": 1,
    "image_filename": null
  },
  {
    "id": 4844,
    "catalog_file_id": 207,
    "produit": "Pain Complet Banneton 1000 g",
    "description": "Pain complet riche en fibres et minéraux, sans acide phytique grâce à la longue fermentation au levain. ingrédients : Pain complet riche en fibres et minéraux, sans acide phytique grâce à la longue fermentation au levain.",
    "prix": 4.59,
    "unite": 1,
    "image_filename": null
  },
  {
    "id": 4845,
    "catalog_file_id": 207,
    "produit": "Pain complet Grand Moulé 1300g",
    "description": "Pain complet riche en fibres et minéraux, sans acide phytique grâce à la longue fermentation au levain. ingrédients : Farine de Blé T80, Rémoulage, son fin,  levain de Seigle T170, eau, sel",
    "prix": 4.59,
    "unite": 1,
    "image_filename": null
  },
  {
    "id": 4846,
    "catalog_file_id": 207,
    "produit": "Pain au Maïs en petit moules 500 g",
    "description": "Farine de Maïs Ancien Grand Roux Basque\r\nBlé et Graines de tournesol ingrédients : Farine de Maïs\r\nFarine de Blé T65\r\nLevain de Blé, eau, sel\r\nGraines de tournesol\r\nCurcuma",
    "prix": 3.69,
    "unite": 1,
    "image_filename": null
  },
  {
    "id": 4847,
    "catalog_file_id": 207,
    "produit": "Pain Intégral Grand Moulé 1300 g",
    "description": "Pain au levain de seigle, réalisé avec l'intégralité du grain de blé.  Très riche en fibres et minéraux ingrédients : Farine de Blé T80, Rémoulage, son gros, son fin,  levain de Seigle T170, eau, sel",
    "prix": 4.59,
    "unite": 1,
    "image_filename": null
  },
  {
    "id": 4848,
    "catalog_file_id": 207,
    "produit": "Pain aux Noix Grand Moulé 1300 g",
    "description": "Un pain aux noix concassées et réhydratées, sur la base du pain de Campagne.  ingrédients : Farine de Blé T80, levain de Seigle T170, Noix, eau, sel",
    "prix": 8.23,
    "unite": 1,
    "image_filename": null
  },
  {
    "id": 4849,
    "catalog_file_id": 207,
    "produit": "Brioche 900 g",
    "description": "Brioche au beurre Isigny Sainte Mère AOP et aux oeufs. Pas de lait ni d'eau. ingrédients : Farine de Blé T65, \r\nLevain de lait\r\nOeufs entiers, beurre Isigny St Mère, \r\nsucre de canne, sel, levure ",
    "prix": 12.55,
    "unite": 1,
    "image_filename": null
  },
  {
    "id": 4850,
    "catalog_file_id": 207,
    "produit": "Brioche 450 g",
    "description": "Brioche au beurre Isigny Sainte Mère AOP et aux oeufs. Pas de lait ni d'eau. ingrédients : Farine de Blé T65, Levain de laitOeufs entiers, beurre Isigny St Mère, sucre de canne, sel, levure ",
    "prix": 6.18,
    "unite": 1,
    "image_filename": null
  },
  {
    "id": 4851,
    "catalog_file_id": 207,
    "produit": "Brioche Provençale \"Pompe à l'huile\"",
    "description": "Brioche sans beurre ni œuf, dessert traditionnel du diner des apôtres,\r\nNaturellement Vegan ingrédients : Farine de Blé T65\r\nLevain de Blé\r\nEau, sel, levure\r\nHuile d'Olive",
    "prix": 1.58,
    "unite": 1,
    "image_filename": null
  },
  {
    "id": 4852,
    "catalog_file_id": 207,
    "produit": "Shokupan 500 g",
    "description": "Pain de Mie de tradition Japonaise réalisée sur 3 pâtes et au levain de Panettone. \r\nConservation exceptionnelle de 10 jours sous film.\r\n10cm x 10cm x 19 cm ingrédients : Farine de Blé T55,\r\nLevain de Panettone\r\nLait, eau, sucre de canne, beurre isigny sainte mère,\r\nsel",
    "prix": 4.85,
    "unite": 1,
    "image_filename": null
  },
  {
    "id": 4853,
    "catalog_file_id": 207,
    "produit": "Pain de Riz et Sorgho aux graines en petit moule 500 g",
    "description": "Base du pain de riz et Sorgho, \r\nMélange de graines oléagineuses\r\n ingrédients : Farine de Riz\r\nfarine de sorgho\r\neau, sel, levain, huile d'olive\r\n\r\nLin brun, lin doré, pavot, sésame, tournesol.",
    "prix": 4.91,
    "unite": 1,
    "image_filename": null
  },
  {
    "id": 4854,
    "catalog_file_id": 207,
    "produit": "Roulé Cannelle 100 g",
    "description": "Sur une base de pain au lait, incorporation d'un beurre cannelle, puis tressage. ingrédients : Farine de Blé T65, lait, oeuf, beurre, sucre, sel, cannelle, levure",
    "prix": 1.69,
    "unite": 1,
    "image_filename": null
  },
  {
    "id": 4855,
    "catalog_file_id": 207,
    "produit": "Shokupan 1400 g",
    "description": "Pain de Mie de tradition Japonaise réalisée sur 3 pâtes et au levain de Panettone. \r\nConservation exceptionnelle de 10 jours sous film.\r\n11cm x 11cm x 36 cm ingrédients : Farine de Blé T55,\r\nLevain de Panettone\r\nLait, eau, sucre de canne, beurre isigny sainte mère,\r\nsel",
    "prix": 11.92,
    "unite": 1,
    "image_filename": null
  },
  {
    "id": 4856,
    "catalog_file_id": 207,
    "produit": "Crackers",
    "description": "Crackers au levain de seigle et graines oléagineuses, huile d'olive, origan ingrédients : Farine de Blé T80\r\nFarine de Seigle T170\r\neau, sel, Lin Brun, Lin doré, Pavot, Sésame , Tournesol, Huile d'Olive, Origan",
    "prix": 15.09,
    "unite": 1,
    "image_filename": null
  },
  {
    "id": 4857,
    "catalog_file_id": 207,
    "produit": "Cookies Noix-Noisettes-Chocolat",
    "description": "Cookies de 70 g\r\nGénéreusement garni de Noix, Noisettes et Chocolat ingrédients : Farine de Blé T65,\r\nOeufs entier, Beurre Isisgny Ste Mère, Sucre de Canne, \r\nNoix, Noisettes, Chocolat noir 66%\r\nsel, poudre levante",
    "prix": 1,
    "unite": 1,
    "image_filename": null
  },
  {
    "id": 4858,
    "catalog_file_id": 207,
    "produit": "Canistrellis",
    "description": "Biscuits de tradition Corse, à l'anis, huile d'olive et vin blanc ingrédients : Farine de Blé T65,\r\nhuile d'olive, vin blanc, sucre, sel, graines d'anis, poudre levante",
    "prix": 15.56,
    "unite": 1,
    "image_filename": null
  },
  {
    "id": 4859,
    "catalog_file_id": 207,
    "produit": "Brownie",
    "description": "Brownie aux Noix et chocolat noir 66% ingrédients : Farine de Blé T65\r\n Beurre Isigny St Mère, Œuf entier, sucre, noix, sel, poudre levante",
    "prix": 2.69,
    "unite": 1,
    "image_filename": null
  },
  {
    "id": 4860,
    "catalog_file_id": 207,
    "produit": "Pain de Campagne Grand Moulé 1300g",
    "description": "Pain de Campagne cuit en moule rectangulaire. ingrédients : Farine de Blé T80, levain de Seigle T170, eau, sel",
    "prix": 4.43,
    "unite": 1,
    "image_filename": null
  },
  {
    "id": 4861,
    "catalog_file_id": 207,
    "produit": "Cake au citron",
    "description": "Pour les amoureux du citron !\r\nZest de citron, jus de citron, citron confit, sirop de citron. ingrédients : Farine de Blé T65,\r\nCitron jaune\r\nSucre de canne, Œuf entier, beurre Isigny Ste Mère, amidon de Maïs, sel ",
    "prix": 7.91,
    "unite": 1,
    "image_filename": null
  },
  {
    "id": 4862,
    "catalog_file_id": 207,
    "produit": "Pain de Campagne Grand Moulé 1500g",
    "description": "Pain de Campagne cuit en moule rectangulaire. ingrédients : Farine de Blé T80, levain de Seigle T170, eau, sel",
    "prix": 4.43,
    "unite": 1,
    "image_filename": null
  },
  {
    "id": 4863,
    "catalog_file_id": 207,
    "produit": "Pain de Campagne Banneton 1000 g",
    "description": "Pain façonné en banneton osier et cuit à même sur la sole du four. Une croûte profonde et mie ouverte. ingrédients : Farine de Blé T80, levain de Seigle T170, eau, sel",
    "prix": 4.43,
    "unite": 1,
    "image_filename": null
  },
  {
    "id": 4864,
    "catalog_file_id": 207,
    "produit": "Sechskornbröt Petit moulé 500 g",
    "description": "Farine de Seigle Complet Blé semi complet Levain de seigle Sel et eau Tournesol, flocon d'avoine, lin brun, lin doré, graines de courge",
    "prix": 2.95,
    "unite": 1,
    "image_filename": null
  },
  {
    "id": 4865,
    "catalog_file_id": 207,
    "produit": "Pain aux graines Grand Moulé 1300g",
    "description": "Pain aux graines oléagineuses sur base de pain de campagne.  ingrédients : Farine de Blé T80, levain de Seigle T170, lin brun, lin doré, tournesol, sésame, pavot, eau, sel",
    "prix": 5.05,
    "unite": 1,
    "image_filename": null
  },
  {
    "id": 4866,
    "catalog_file_id": 205,
    "produit": "orange cara cara",
    "description": "Par 1 kg orange goût unique, doux, peu acide. Idéal en cocktail, smoothies, jus, pâtisserie et salade exotique",
    "prix": 3.2,
    "unite": 1,
    "image_filename": null
  },
  {
    "id": 4867,
    "catalog_file_id": 205,
    "produit": "kumquat",
    "description": "Par 1 kg agrumes qui se consomme avec la peau, entier, pressé ou zesté. Sa pulpe à la légère amertume, à la délicate acidité s'adoucit vite avec le goût sucré de sa peau. Idéal dans la salade de fruits mais aussi en cuisine",
    "prix": 8.5,
    "unite": 1,
    "image_filename": null
  },
  {
    "id": 4868,
    "catalog_file_id": 205,
    "produit": "PITAYA fruit du dragon",
    "description": "Par 1 kg Sa chair juteuse et croquante peut rappeler un mélange subtil de kiwi et de poire. les graines noires ajoutent une légère note de noisette",
    "prix": 11,
    "unite": 1,
    "image_filename": null
  },
  {
    "id": 4869,
    "catalog_file_id": 205,
    "produit": "Noix de pécan",
    "description": "Par 1 kg",
    "prix": 15,
    "unite": 1,
    "image_filename": null
  },
  {
    "id": 4870,
    "catalog_file_id": 208,
    "produit": "Araignee de porc  La ferme d'Arracq",
    "description": " Sous vide environ 300 G ",
    "prix": 5.64,
    "unite": 1,
    "image_filename": null
  },
  {
    "id": 4871,
    "catalog_file_id": 208,
    "produit": "Rôti ",
    "description": "Sous vide environ 800g",
    "prix": 23.12,
    "unite": 1,
    "image_filename": null
  },
  {
    "id": 4872,
    "catalog_file_id": 208,
    "produit": "Jambon de Bayonne en quart",
    "description": "Sous vide environ 1kg500",
    "prix": 39.12,
    "unite": 1,
    "image_filename": null
  },
  {
    "id": 4873,
    "catalog_file_id": 208,
    "produit": "Coppa tranchée",
    "description": "Sous vide 100g",
    "prix": 3.93,
    "unite": 1,
    "image_filename": null
  },
  {
    "id": 4874,
    "catalog_file_id": 208,
    "produit": "colis de porc bio prenium 5 KG",
    "description": "2X300 g d'araignée, 1kg200  côte de porc, 1kg200 filet mignon, 1 kg joue de porc, 1 kg rouelle",
    "prix": 95,
    "unite": 1,
    "image_filename": null
  },
  {
    "id": 4875,
    "catalog_file_id": 208,
    "produit": "Sauté ",
    "description": "Sous vide environ 500g",
    "prix": 6.38,
    "unite": 1,
    "image_filename": null
  },
  {
    "id": 4876,
    "catalog_file_id": 208,
    "produit": "Jambon de Bayonne tranché ",
    "description": "Sous vide environ 150 g",
    "prix": 5.67,
    "unite": 1,
    "image_filename": null
  },
  {
    "id": 4877,
    "catalog_file_id": 208,
    "produit": "Lomo séché tranché",
    "description": "Sous vide 100g",
    "prix": 3.93,
    "unite": 1,
    "image_filename": null
  },
  {
    "id": 4878,
    "catalog_file_id": 208,
    "produit": "Saucisson",
    "description": "190 g à 25,66 €/kg",
    "prix": 4.88,
    "unite": 1,
    "image_filename": null
  },
  {
    "id": 4879,
    "catalog_file_id": 208,
    "produit": "Boudin ",
    "description": "bocal 190 g ",
    "prix": 4.04,
    "unite": 1,
    "image_filename": null
  },
  {
    "id": 4880,
    "catalog_file_id": 208,
    "produit": "Pâté armagnac",
    "description": "bocal 190 g ",
    "prix": 4.15,
    "unite": 1,
    "image_filename": null
  },
  {
    "id": 4881,
    "catalog_file_id": 208,
    "produit": "Pâté de tête - Hure",
    "description": "bocal 190 g ",
    "prix": 4.15,
    "unite": 1,
    "image_filename": null
  },
  {
    "id": 4882,
    "catalog_file_id": 208,
    "produit": "Pâté campagne",
    "description": "bocal 190 g ",
    "prix": 4,
    "unite": 1,
    "image_filename": null
  },
  {
    "id": 4883,
    "catalog_file_id": 208,
    "produit": "Pâté piment",
    "description": "bocal 190 g ",
    "prix": 4.07,
    "unite": 1,
    "image_filename": null
  },
  {
    "id": 4884,
    "catalog_file_id": 208,
    "produit": "Rillettes",
    "description": "bocal 190 g ",
    "prix": 4.16,
    "unite": 1,
    "image_filename": null
  },
  {
    "id": 4885,
    "catalog_file_id": 208,
    "produit": "Lardons séchés La ferme d'Arracq",
    "description": "Sous vide environ 200 G \r\n ",
    "prix": 3.54,
    "unite": 1,
    "image_filename": null
  },
  {
    "id": 4886,
    "catalog_file_id": 208,
    "produit": "Chipolata par 5 La ferme d'Arracq",
    "description": "Sous vide environ 350 G ",
    "prix": 5.02,
    "unite": 1,
    "image_filename": null
  },
  {
    "id": 4887,
    "catalog_file_id": 208,
    "produit": "graisserons",
    "description": "pot de 190 gr",
    "prix": 3.94,
    "unite": 1,
    "image_filename": null
  },
  {
    "id": 4888,
    "catalog_file_id": 208,
    "produit": "Boudin noir boyaux",
    "description": "sous vide 240 gr env. 14,35/kg",
    "prix": 3.45,
    "unite": 1,
    "image_filename": null
  },
  {
    "id": 4889,
    "catalog_file_id": 208,
    "produit": "Filet mignon La ferme d'Arracq",
    "description": " Sous vide environ 600 G ",
    "prix": 10.7,
    "unite": 1,
    "image_filename": null
  },
  {
    "id": 4890,
    "catalog_file_id": 208,
    "produit": "Saucisse de Toulouse par 3 La Ferme d'Arracq",
    "description": "Sous vide environ 250 G ",
    "prix": 3.59,
    "unite": 1,
    "image_filename": null
  },
  {
    "id": 4891,
    "catalog_file_id": 208,
    "produit": "Cote de porc par 3 La ferme d'Arracq",
    "description": " Sous vide environ 600 G ",
    "prix": 7.63,
    "unite": 1,
    "image_filename": null
  },
  {
    "id": 4892,
    "catalog_file_id": 208,
    "produit": "Chair à saucisse La ferme d'Arracq",
    "description": "Sous vide environ 500 G ",
    "prix": 5.95,
    "unite": 1,
    "image_filename": null
  },
  {
    "id": 4893,
    "catalog_file_id": 208,
    "produit": "Txitorra par 5 La ferme d'Arracq",
    "description": "sous vide environ 350 G ",
    "prix": 5.02,
    "unite": 1,
    "image_filename": null
  },
  {
    "id": 4894,
    "catalog_file_id": 208,
    "produit": "Poitrine de porc tranchée par 5 La Ferme d'Arracq",
    "description": "Sous vide environ 250 G ",
    "prix": 2.74,
    "unite": 1,
    "image_filename": null
  },
  {
    "id": 4895,
    "catalog_file_id": 208,
    "produit": "Coustou frais La ferme d'Arracq",
    "description": "Sous vide environ 500 G ",
    "prix": 3.82,
    "unite": 1,
    "image_filename": null
  },
  {
    "id": 4896,
    "catalog_file_id": 208,
    "produit": "Lardons frais La ferme d'Arracq",
    "description": " Sous vide environ 200 G ",
    "prix": 2.67,
    "unite": 1,
    "image_filename": null
  },
  {
    "id": 4897,
    "catalog_file_id": 208,
    "produit": "jambon blanc cuit  4 tranches La ferme d'Arracq",
    "description": "sous vide environ 200 G",
    "prix": 5.99,
    "unite": 1,
    "image_filename": null
  },
  {
    "id": 4898,
    "catalog_file_id": 208,
    "produit": "colis de porc  bio 10 KG",
    "description": "1KG  de chipolatas, poitrine tranchée, saucisses de Toulouse, chair à saucisse, coustou\r\n2X1KG de cotes de porc, 2X1KG sauté de porc,600 G de jarret, 2X200G lardons",
    "prix": 140,
    "unite": 1,
    "image_filename": null
  },
  {
    "id": 4899,
    "catalog_file_id": 208,
    "produit": "colis de porc frais",
    "description": "1 kg de chipolatas, côtes , poitrine tranchée, saucisses de Toulouse, sauté.",
    "prix": 70,
    "unite": 1,
    "image_filename": null
  },
  {
    "id": 4900,
    "catalog_file_id": 208,
    "produit": "joue",
    "description": "sous vide 250 gr   11,82/kg",
    "prix": 2.96,
    "unite": 1,
    "image_filename": null
  },
  {
    "id": 4901,
    "catalog_file_id": 208,
    "produit": "jarret",
    "description": "sous vide 1kg environ",
    "prix": 13.42,
    "unite": 1,
    "image_filename": null
  },
  {
    "id": 4902,
    "catalog_file_id": 208,
    "produit": "rouelle",
    "description": "sous vide 1kg env",
    "prix": 16.83,
    "unite": 1,
    "image_filename": null
  },
  {
    "id": 4903,
    "catalog_file_id": 209,
    "produit": "paquet de 2 cuisses de poulet",
    "description": "8,70 €/kg   400g",
    "prix": 3.48,
    "unite": 1,
    "image_filename": null
  },
  {
    "id": 4904,
    "catalog_file_id": 209,
    "produit": "poulet entier (moyen)",
    "description": "7,50 €/KG    pour 1kg700",
    "prix": 12.75,
    "unite": 1,
    "image_filename": null
  },
  {
    "id": 4905,
    "catalog_file_id": 209,
    "produit": "Coquelet ",
    "description": "8,10 €/kg    pour 850 g",
    "prix": 6.88,
    "unite": 1,
    "image_filename": null
  },
  {
    "id": 4906,
    "catalog_file_id": 209,
    "produit": "pintade",
    "description": "9 €/kg   pour 1kg500",
    "prix": 13.5,
    "unite": 1,
    "image_filename": null
  },
  {
    "id": 4907,
    "catalog_file_id": 209,
    "produit": "Ailes de poulets",
    "description": "Paquet de 6 ailes",
    "prix": 4.8,
    "unite": 1,
    "image_filename": null
  },
  {
    "id": 4908,
    "catalog_file_id": 210,
    "produit": "Morceau fromage brebis 1 kg_ferme Gaztelu Gat_Kilo_",
    "description": "fromage brebis 1 kg",
    "prix": 20,
    "unite": 1,
    "image_filename": null
  },
  {
    "id": 4909,
    "catalog_file_id": 210,
    "produit": "Tomme entière environ 2kg ",
    "description": "19€  le kilo",
    "prix": 38,
    "unite": 1,
    "image_filename": null
  },
  {
    "id": 4910,
    "catalog_file_id": 210,
    "produit": "Tomme entière 5kg",
    "description": "19€/kilo",
    "prix": 45,
    "unite": 1,
    "image_filename": null
  },
  {
    "id": 4911,
    "catalog_file_id": 210,
    "produit": "Morceau 500g brebis",
    "description": "20€/kilo",
    "prix": 10,
    "unite": 1,
    "image_filename": null
  },
  {
    "id": 4912,
    "catalog_file_id": 205,
    "produit": "Mangue",
    "description": "au KG",
    "prix": 6.5,
    "unite": 1,
    "image_filename": null
  },
  {
    "id": 4913,
    "catalog_file_id": 197,
    "produit": "8 Pavés de truite",
    "description": "8 x 120 g environ/25,20 le kilo",
    "prix": 24,
    "unite": 1,
    "image_filename": null
  },
  {
    "id": 4914,
    "catalog_file_id": 197,
    "produit": "6 pavés de truite",
    "description": "6x 120g environ / 25,20 le kilo",
    "prix": 18,
    "unite": 1,
    "image_filename": null
  },
  {
    "id": 4915,
    "catalog_file_id": 211,
    "produit": "1 Pave de truite",
    "description": "1x 120 g environ / 25.20 le kilo",
    "prix": 3,
    "unite": 1,
    "image_filename": null
  },
  {
    "id": 4916,
    "catalog_file_id": 211,
    "produit": "1 Filet de truite",
    "description": "Filet entier au prix de 25.20 le kg",
    "prix": 25.2,
    "unite": 1,
    "image_filename": null
  },
  {
    "id": 4917,
    "catalog_file_id": 211,
    "produit": "oeufs de truite truchetet_Unite_",
    "description": "oeufs de truite",
    "prix": 7.6,
    "unite": 1,
    "image_filename": null
  },
  {
    "id": 4918,
    "catalog_file_id": 211,
    "produit": "Truite entiere truchetet_Kilo_",
    "description": "Truite entiere de septembre à décembre 2025  3kg à 4kg",
    "prix": 55,
    "unite": 1,
    "image_filename": null
  },
  {
    "id": 4919,
    "catalog_file_id": 211,
    "produit": "Truite fumee paquet 150g truchetet_Unite_",
    "description": "Truite fumee paquet 150g ( 4 tranches )",
    "prix": 8.5,
    "unite": 1,
    "image_filename": null
  },
  {
    "id": 4920,
    "catalog_file_id": 211,
    "produit": "Truite fumee paquet 250g_ truchetet_Unite_",
    "description": "Truite fumee paquet 250g (7 tranches)",
    "prix": 13.8,
    "unite": 1,
    "image_filename": null
  },
  {
    "id": 4921,
    "catalog_file_id": 211,
    "produit": "2 pavés de truite",
    "description": "2 x 120 g environ / 25,20 € le kg",
    "prix": 6,
    "unite": 1,
    "image_filename": null
  },
  {
    "id": 4922,
    "catalog_file_id": 211,
    "produit": "3 pavés de truite",
    "description": "3 x 120 g environ / 25,20 le kg",
    "prix": 9,
    "unite": 1,
    "image_filename": null
  },
  {
    "id": 4923,
    "catalog_file_id": 211,
    "produit": "4 pavés de truite",
    "description": "4 x 120 g environ / 25,20 € le kg",
    "prix": 12,
    "unite": 1,
    "image_filename": null
  },
  {
    "id": 4924,
    "catalog_file_id": 211,
    "produit": "5 pavés de truite ",
    "description": "5 x 120 g environ / 25, 20 le kg",
    "prix": 15,
    "unite": 1,
    "image_filename": null
  },
  {
    "id": 4925,
    "catalog_file_id": 211,
    "produit": "8 Pavés de truite",
    "description": "8 x 120 g environ/25,20 le kilo",
    "prix": 24,
    "unite": 1,
    "image_filename": null
  },
  {
    "id": 4926,
    "catalog_file_id": 211,
    "produit": "6 pavés de truite",
    "description": "6x 120g environ / 25,20 le kilo",
    "prix": 18,
    "unite": 1,
    "image_filename": null
  },
  {
    "id": 4927,
    "catalog_file_id": 212,
    "produit": "Bûche douceur landaise 10/12 parts",
    "description": "glace yaourt, framboise,, tagette, dacquoise citron ",
    "prix": 35,
    "unite": 1,
    "image_filename": null
  },
  {
    "id": 4928,
    "catalog_file_id": 212,
    "produit": "Bûche douceur landaise 5/6 parts",
    "description": "glace yaourt, framboise, tagette, dacquoise citron ",
    "prix": 20,
    "unite": 1,
    "image_filename": null
  },
  {
    "id": 4929,
    "catalog_file_id": 212,
    "produit": "Bûche Pirouette Cacahuète  5/6 parts",
    "description": "glace vanille, coeur caramel, noisette, sablé noisette",
    "prix": 20,
    "unite": 1,
    "image_filename": null
  },
  {
    "id": 4930,
    "catalog_file_id": 212,
    "produit": "Bûche Pirouette Cacahuète  10/12 parts",
    "description": "glace vanille, coeur caramel, noisette, sablé noisette",
    "prix": 35,
    "unite": 1,
    "image_filename": null
  },
  {
    "id": 4931,
    "catalog_file_id": 212,
    "produit": "Bûche Ecureuil Givré 5/6 parts",
    "description": "glace chocolat, stracciatella, noisette, sablé noisette",
    "prix": 20,
    "unite": 1,
    "image_filename": null
  },
  {
    "id": 4932,
    "catalog_file_id": 212,
    "produit": "Bûche Ecureuil Givré 10/12 parts",
    "description": "glace chocolat, stracciatella, noisette, sablé noisette",
    "prix": 35,
    "unite": 1,
    "image_filename": null
  },
  {
    "id": 4934,
    "catalog_file_id": 213,
    "produit": "poulet entier ",
    "description": "7,50 €/KG    pour 1kg700",
    "prix": 12.75,
    "unite": 1,
    "image_filename": null
  },
  {
    "id": 4935,
    "catalog_file_id": 213,
    "produit": "Coquelet ",
    "description": "8,10 €/kg    pour 850 g",
    "prix": 6.88,
    "unite": 1,
    "image_filename": null
  },
  {
    "id": 4936,
    "catalog_file_id": 213,
    "produit": "pintade",
    "description": "9 €/kg   pour 1kg500",
    "prix": 13.5,
    "unite": 1,
    "image_filename": null
  },
  {
    "id": 4938,
    "catalog_file_id": 214,
    "produit": "Pain de Campagne Miche 2000 g",
    "description": "Gros pain de 2 kg, très longue cuisson.  ingrédients : Farine de Blé T80, levain de Seigle T170, eau, sel",
    "prix": 4.43,
    "unite": 1,
    "image_filename": null
  },
  {
    "id": 4939,
    "catalog_file_id": 214,
    "produit": "Pain de Méteil en Boule 1000 g",
    "description": "Pain rustique mi blé mi seigle au levain de seigle ingrédients : Farine de Blé T80\r\nFarine de Seigle T70\r\neau, sel, levain de seigle",
    "prix": 4.91,
    "unite": 1,
    "image_filename": null
  },
  {
    "id": 4940,
    "catalog_file_id": 214,
    "produit": "Pain Complet Banneton 1000 g",
    "description": "Pain complet riche en fibres et minéraux, sans acide phytique grâce à la longue fermentation au levain. ingrédients : Pain complet riche en fibres et minéraux, sans acide phytique grâce à la longue fermentation au levain.",
    "prix": 4.59,
    "unite": 1,
    "image_filename": null
  },
  {
    "id": 4941,
    "catalog_file_id": 214,
    "produit": "Pain au Maïs en petit moules 500 g",
    "description": "Farine de Maïs Ancien Grand Roux Basque\r\nBlé et Graines de tournesol ingrédients : Farine de Maïs\r\nFarine de Blé T65\r\nLevain de Blé, eau, sel\r\nGraines de tournesol\r\nCurcuma",
    "prix": 3.69,
    "unite": 1,
    "image_filename": null
  },
  {
    "id": 4942,
    "catalog_file_id": 214,
    "produit": "Pain complet Grand Moulé 1300g",
    "description": "Pain complet riche en fibres et minéraux, sans acide phytique grâce à la longue fermentation au levain. ingrédients : Farine de Blé T80, Rémoulage, son fin,  levain de Seigle T170, eau, sel",
    "prix": 4.59,
    "unite": 1,
    "image_filename": null
  },
  {
    "id": 4943,
    "catalog_file_id": 214,
    "produit": "Pain Intégral Grand Moulé 1300 g",
    "description": "Pain au levain de seigle, réalisé avec l'intégralité du grain de blé.  Très riche en fibres et minéraux ingrédients : Farine de Blé T80, Rémoulage, son gros, son fin,  levain de Seigle T170, eau, sel",
    "prix": 4.59,
    "unite": 1,
    "image_filename": null
  },
  {
    "id": 4944,
    "catalog_file_id": 214,
    "produit": "Pain aux Noix Grand Moulé 1300 g",
    "description": "Un pain aux noix concassées et réhydratées, sur la base du pain de Campagne.  ingrédients : Farine de Blé T80, levain de Seigle T170, Noix, eau, sel",
    "prix": 8.23,
    "unite": 1,
    "image_filename": null
  },
  {
    "id": 4945,
    "catalog_file_id": 214,
    "produit": "Pain aux graines Banneton 1000g",
    "description": "Pain façonné en banneton osier et cuit à même sur la sole du four. Une croûte profonde et mie ouverte. ingrédients : Farine de Blé T80, levain de Seigle T170, lin brun, lin doré, tournesol, sésame, pavot, eau, sel",
    "prix": 5.05,
    "unite": 1,
    "image_filename": null
  },
  {
    "id": 4946,
    "catalog_file_id": 214,
    "produit": "Pain aux graines Grand Moulé 1300g",
    "description": "Pain aux graines oléagineuses sur base de pain de campagne.  ingrédients : Farine de Blé T80, levain de Seigle T170, lin brun, lin doré, tournesol, sésame, pavot, eau, sel",
    "prix": 5.05,
    "unite": 1,
    "image_filename": null
  },
  {
    "id": 4947,
    "catalog_file_id": 214,
    "produit": "Pain Généreux Grand Moulé 1300g",
    "description": "Pain aux fruits sec et fruits à coque, enveloppé dans des flocons d'avoine. ingrédients : Farine de Blé T80, levain de Seigle T170, Noisettes, Abricots, raisins de corinthe, flocons d'avoines, graines de courge, eau, sel",
    "prix": 6.7,
    "unite": 1,
    "image_filename": null
  },
  {
    "id": 4948,
    "catalog_file_id": 214,
    "produit": "Pain de Campagne Moule Fermé 1500 g",
    "description": "Pain de Campagne cuit en moule fermé.\r\nIl a une forme parfaitement rectangulaire, et très peu de croûte ingrédients : Farine de Blé T80, levain de Seigle T170, eau, sel",
    "prix": 4.43,
    "unite": 1,
    "image_filename": null
  },
  {
    "id": 4949,
    "catalog_file_id": 214,
    "produit": "Pain aux graines Miche 2000 g",
    "description": "Gros pain de 2 kg, très longue cuisson.  ingrédients : Farine de Blé T80, levain de Seigle T170, lin brun, lin doré, tournesol, sésame, pavot, eau, sel",
    "prix": 5.05,
    "unite": 1,
    "image_filename": null
  },
  {
    "id": 4950,
    "catalog_file_id": 214,
    "produit": "Focaccia Olives & Tomates",
    "description": "Base de pâte à Focaccia + Olives de kalamata, Tomates séchées, huile d'olive et origan ingrédients : Farine de Blé T65\r\nEau, sel, levain dur de blé T55, \r\nOlives de kalamata, Tomates",
    "prix": 36.8,
    "unite": 1,
    "image_filename": null
  },
  {
    "id": 4951,
    "catalog_file_id": 214,
    "produit": "Pain de Riz et Sorgho aux graines en petit moule 500 g",
    "description": "Base du pain de riz et Sorgho, \r\nMélange de graines oléagineuses\r\n ingrédients : Farine de Riz\r\nfarine de sorgho\r\neau, sel, levain, huile d'olive\r\n\r\nLin brun, lin doré, pavot, sésame, tournesol.",
    "prix": 4.91,
    "unite": 1,
    "image_filename": null
  },
  {
    "id": 4952,
    "catalog_file_id": 214,
    "produit": "Pain de Riz et Sorgho petit moule 500 g",
    "description": "Farines de Riz et de Sorgho, naturellement sans gluten, Huile d'olive. ingrédients : Farine de Riz\r\nFarine de Sorgho\r\nEau, sel, huile d'olive, levain et levure",
    "prix": 4.59,
    "unite": 1,
    "image_filename": null
  },
  {
    "id": 4953,
    "catalog_file_id": 214,
    "produit": "Brioche 450 g",
    "description": "Brioche au beurre Isigny Sainte Mère AOP et aux oeufs. Pas de lait ni d'eau. ingrédients : Farine de Blé T65, Levain de laitOeufs entiers, beurre Isigny St Mère, sucre de canne, sel, levure ",
    "prix": 6.18,
    "unite": 1,
    "image_filename": null
  },
  {
    "id": 4954,
    "catalog_file_id": 214,
    "produit": "Brioche 900 g",
    "description": "Brioche au beurre Isigny Sainte Mère AOP et aux oeufs. Pas de lait ni d'eau. ingrédients : Farine de Blé T65, \r\nLevain de lait\r\nOeufs entiers, beurre Isigny St Mère, \r\nsucre de canne, sel, levure ",
    "prix": 12.55,
    "unite": 1,
    "image_filename": null
  },
  {
    "id": 4955,
    "catalog_file_id": 214,
    "produit": "Roulé Cannelle 100 g",
    "description": "Sur une base de pain au lait, incorporation d'un beurre cannelle, puis tressage. ingrédients : Farine de Blé T65, lait, oeuf, beurre, sucre, sel, cannelle, levure",
    "prix": 1.69,
    "unite": 1,
    "image_filename": null
  },
  {
    "id": 4956,
    "catalog_file_id": 214,
    "produit": "Brioche Provençale \"Pompe à l'huile\"",
    "description": "Brioche sans beurre ni œuf, dessert traditionnel du diner des apôtres,\r\nNaturellement Vegan ingrédients : Farine de Blé T65\r\nLevain de Blé\r\nEau, sel, levure\r\nHuile d'Olive",
    "prix": 1.58,
    "unite": 1,
    "image_filename": null
  },
  {
    "id": 4957,
    "catalog_file_id": 214,
    "produit": "Cookies Noix-Noisettes-Chocolat",
    "description": "Cookies de 70 g\r\nGénéreusement garni de Noix, Noisettes et Chocolat ingrédients : Farine de Blé T65,\r\nOeufs entier, Beurre Isisgny Ste Mère, Sucre de Canne, \r\nNoix, Noisettes, Chocolat noir 66%\r\nsel, poudre levante",
    "prix": 1,
    "unite": 1,
    "image_filename": null
  },
  {
    "id": 4958,
    "catalog_file_id": 214,
    "produit": "Canistrellis",
    "description": "Biscuits de tradition Corse, à l'anis, huile d'olive et vin blanc ingrédients : Farine de Blé T65,\r\nhuile d'olive, vin blanc, sucre, sel, graines d'anis, poudre levante",
    "prix": 15.56,
    "unite": 1,
    "image_filename": null
  },
  {
    "id": 4959,
    "catalog_file_id": 214,
    "produit": "Brownie",
    "description": "Brownie aux Noix et chocolat noir 66% ingrédients : Farine de Blé T65\r\n Beurre Isigny St Mère, Œuf entier, sucre, noix, sel, poudre levante",
    "prix": 2.69,
    "unite": 1,
    "image_filename": null
  },
  {
    "id": 4960,
    "catalog_file_id": 214,
    "produit": "Cake au citron",
    "description": "Pour les amoureux du citron !\r\nZest de citron, jus de citron, citron confit, sirop de citron. ingrédients : Farine de Blé T65,\r\nCitron jaune\r\nSucre de canne, Œuf entier, beurre Isigny Ste Mère, amidon de Maïs, sel ",
    "prix": 7.91,
    "unite": 1,
    "image_filename": null
  },
  {
    "id": 4961,
    "catalog_file_id": 214,
    "produit": "Pain de Campagne Grand Moulé 1300g",
    "description": "Pain de Campagne cuit en moule rectangulaire. ingrédients : Farine de Blé T80, levain de Seigle T170, eau, sel",
    "prix": 4.43,
    "unite": 1,
    "image_filename": null
  },
  {
    "id": 4962,
    "catalog_file_id": 214,
    "produit": "Pain de Campagne Banneton 1000 g",
    "description": "Pain façonné en banneton osier et cuit à même sur la sole du four. Une croûte profonde et mie ouverte. ingrédients : Farine de Blé T80, levain de Seigle T170, eau, sel",
    "prix": 4.43,
    "unite": 1,
    "image_filename": null
  },
  {
    "id": 4963,
    "catalog_file_id": 214,
    "produit": "Pain de Campagne Grand Moulé 1500g",
    "description": "Pain de Campagne cuit en moule rectangulaire. ingrédients : Farine de Blé T80, levain de Seigle T170, eau, sel",
    "prix": 4.43,
    "unite": 1,
    "image_filename": null
  },
  {
    "id": 4964,
    "catalog_file_id": 214,
    "produit": "Sechskornbröt Petit moulé 500 g",
    "description": "Farine de Seigle Complet Blé semi complet Levain de seigle Sel et eau Tournesol, flocon d'avoine, lin brun, lin doré, graines de courge",
    "prix": 2.95,
    "unite": 1,
    "image_filename": null
  },
  {
    "id": 4965,
    "catalog_file_id": 214,
    "produit": "Focaccia en plaque de 3200 g",
    "description": "Pâte levée italienne, largement bassinée à l'huile d'Olive, vendue en plaque de 3200 g de 60cm x 40 cm ingrédients : Farine de Blé T65\r\nlevain dur de blé T55\r\neau, sel, huile d'olive, origan",
    "prix": 18.57,
    "unite": 1,
    "image_filename": null
  },
  {
    "id": 4966,
    "catalog_file_id": 214,
    "produit": "Petit Epeautre petit moule 500 g",
    "description": "Pain à la farine de Petit épeautre complet (engrain), et au levain de petit épeautre complet.\r\nTerroir AOP des Alpes de Haute Provence\r\nTrès riche en protéine et pauvre en gluten. ingrédients : Farine de Petit Epeautre complet\r\nlevain de Petit Epeautre, \r\neau, sel",
    "prix": 3.8,
    "unite": 1,
    "image_filename": null
  },
  {
    "id": 4967,
    "catalog_file_id": 214,
    "produit": "1/2 Focaccia Olives & Tomates",
    "description": "Base de pâte à Focaccia + Olives de kalamata, Tomates séchées, huile d'olive et origan ingrédients : Farine de Blé T65\r\nEau, sel, levain dur de blé T55, \r\nOlives de kalamata, Tomates",
    "prix": 18.4,
    "unite": 1,
    "image_filename": null
  },
  {
    "id": 4968,
    "catalog_file_id": 214,
    "produit": "Petit Epeautre Grand  moule 1300 g",
    "description": "Pain à la farine de Petit épeautre complet (engrain), et au levain de petit épeautre complet.\r\nTerroir AOP des Alpes de Haute Provence\r\nTrès riche en protéine et pauvre en gluten. ingrédients : Farine de Petit Epeautre complet\r\nlevain de Petit Epeautre, \r\neau, sel",
    "prix": 8.02,
    "unite": 1,
    "image_filename": null
  },
  {
    "id": 4969,
    "catalog_file_id": 214,
    "produit": "1/2 Focaccia en plaque de 1600 g",
    "description": "Pâte levée italienne, largement bassinée à l'huile d'Olive, vendue en 1/2 plaque de 1600 g de 30cm x 40 cm ingrédients : Farine de Blé T65\r\nlevain dur de blé T55\r\neau, sel, huile d'olive, origan",
    "prix": 9.28,
    "unite": 1,
    "image_filename": null
  },
  {
    "id": 4970,
    "catalog_file_id": 214,
    "produit": "Pain de Khorasan en boule de 800 g",
    "description": "Farine de Blé dur ancien de variété Khorasan.  ingrédients : Farine de Khorasan \r\nLevain de Khorasan\r\neau, sel",
    "prix": 6.27,
    "unite": 1,
    "image_filename": null
  },
  {
    "id": 4971,
    "catalog_file_id": 215,
    "produit": "Pain de Campagne Miche 2000 g",
    "description": "Gros pain de 2 kg, très longue cuisson.  ingrédients : Farine de Blé T80, levain de Seigle T170, eau, sel",
    "prix": 4.43,
    "unite": 1,
    "image_filename": null
  },
  {
    "id": 4972,
    "catalog_file_id": 215,
    "produit": "Pain aux graines Miche 2000 g",
    "description": "Gros pain de 2 kg, très longue cuisson.  ingrédients : Farine de Blé T80, levain de Seigle T170, lin brun, lin doré, tournesol, sésame, pavot, eau, sel",
    "prix": 5.05,
    "unite": 1,
    "image_filename": null
  },
  {
    "id": 4973,
    "catalog_file_id": 215,
    "produit": "Petit Epeautre petit moule 500 g",
    "description": "Pain à la farine de Petit épeautre complet (engrain), et au levain de petit épeautre complet.\r\nTerroir AOP des Alpes de Haute Provence\r\nTrès riche en protéine et pauvre en gluten. ingrédients : Farine de Petit Epeautre complet\r\nlevain de Petit Epeautre, \r\neau, sel",
    "prix": 3.8,
    "unite": 1,
    "image_filename": null
  },
  {
    "id": 4974,
    "catalog_file_id": 215,
    "produit": "Pain de Campagne Moule Fermé 1500 g",
    "description": "Pain de Campagne cuit en moule fermé.\r\nIl a une forme parfaitement rectangulaire, et très peu de croûte ingrédients : Farine de Blé T80, levain de Seigle T170, eau, sel",
    "prix": 4.43,
    "unite": 1,
    "image_filename": null
  },
  {
    "id": 4975,
    "catalog_file_id": 215,
    "produit": "Pain de Riz et Sorgho petit moule 500 g",
    "description": "Farines de Riz et de Sorgho, naturellement sans gluten, Huile d'olive. ingrédients : Farine de Riz\r\nFarine de Sorgho\r\nEau, sel, huile d'olive, levain et levure",
    "prix": 4.59,
    "unite": 1,
    "image_filename": null
  },
  {
    "id": 4976,
    "catalog_file_id": 215,
    "produit": "Pain aux graines Banneton 1000g",
    "description": "Pain façonné en banneton osier et cuit à même sur la sole du four. Une croûte profonde et mie ouverte. ingrédients : Farine de Blé T80, levain de Seigle T170, lin brun, lin doré, tournesol, sésame, pavot, eau, sel",
    "prix": 5.05,
    "unite": 1,
    "image_filename": null
  },
  {
    "id": 4977,
    "catalog_file_id": 215,
    "produit": "Pain Généreux Grand Moulé 1300g",
    "description": "Pain aux fruits sec et fruits à coque, enveloppé dans des flocons d'avoine. ingrédients : Farine de Blé T80, levain de Seigle T170, Noisettes, Abricots, raisins de corinthe, flocons d'avoines, graines de courge, eau, sel",
    "prix": 6.7,
    "unite": 1,
    "image_filename": null
  },
  {
    "id": 4978,
    "catalog_file_id": 215,
    "produit": "Petit Epeautre Grand  moule 1300 g",
    "description": "Pain à la farine de Petit épeautre complet (engrain), et au levain de petit épeautre complet.\r\nTerroir AOP des Alpes de Haute Provence\r\nTrès riche en protéine et pauvre en gluten. ingrédients : Farine de Petit Epeautre complet\r\nlevain de Petit Epeautre, \r\neau, sel",
    "prix": 8.02,
    "unite": 1,
    "image_filename": null
  },
  {
    "id": 4979,
    "catalog_file_id": 215,
    "produit": "Pain Complet Banneton 1000 g",
    "description": "Pain complet riche en fibres et minéraux, sans acide phytique grâce à la longue fermentation au levain. ingrédients : Pain complet riche en fibres et minéraux, sans acide phytique grâce à la longue fermentation au levain.",
    "prix": 4.59,
    "unite": 1,
    "image_filename": null
  },
  {
    "id": 4980,
    "catalog_file_id": 215,
    "produit": "Pain complet Grand Moulé 1300g",
    "description": "Pain complet riche en fibres et minéraux, sans acide phytique grâce à la longue fermentation au levain. ingrédients : Farine de Blé T80, Rémoulage, son fin,  levain de Seigle T170, eau, sel",
    "prix": 4.59,
    "unite": 1,
    "image_filename": null
  },
  {
    "id": 4981,
    "catalog_file_id": 215,
    "produit": "Pain au Maïs en petit moules 500 g",
    "description": "Farine de Maïs Ancien Grand Roux Basque\r\nBlé et Graines de tournesol ingrédients : Farine de Maïs\r\nFarine de Blé T65\r\nLevain de Blé, eau, sel\r\nGraines de tournesol\r\nCurcuma",
    "prix": 3.69,
    "unite": 1,
    "image_filename": null
  },
  {
    "id": 4982,
    "catalog_file_id": 215,
    "produit": "Pain Intégral Grand Moulé 1300 g",
    "description": "Pain au levain de seigle, réalisé avec l'intégralité du grain de blé.  Très riche en fibres et minéraux ingrédients : Farine de Blé T80, Rémoulage, son gros, son fin,  levain de Seigle T170, eau, sel",
    "prix": 4.59,
    "unite": 1,
    "image_filename": null
  },
  {
    "id": 4983,
    "catalog_file_id": 215,
    "produit": "Pain aux Noix Grand Moulé 1300 g",
    "description": "Un pain aux noix concassées et réhydratées, sur la base du pain de Campagne.  ingrédients : Farine de Blé T80, levain de Seigle T170, Noix, eau, sel",
    "prix": 8.23,
    "unite": 1,
    "image_filename": null
  },
  {
    "id": 4984,
    "catalog_file_id": 215,
    "produit": "Brioche 900 g",
    "description": "Brioche au beurre Isigny Sainte Mère AOP et aux oeufs. Pas de lait ni d'eau. ingrédients : Farine de Blé T65, \r\nLevain de lait\r\nOeufs entiers, beurre Isigny St Mère, \r\nsucre de canne, sel, levure ",
    "prix": 12.55,
    "unite": 1,
    "image_filename": null
  },
  {
    "id": 4985,
    "catalog_file_id": 215,
    "produit": "Brioche 450 g",
    "description": "Brioche au beurre Isigny Sainte Mère AOP et aux oeufs. Pas de lait ni d'eau. ingrédients : Farine de Blé T65, Levain de laitOeufs entiers, beurre Isigny St Mère, sucre de canne, sel, levure ",
    "prix": 6.18,
    "unite": 1,
    "image_filename": null
  },
  {
    "id": 4986,
    "catalog_file_id": 215,
    "produit": "Brioche Provençale \"Pompe à l'huile\"",
    "description": "Brioche sans beurre ni œuf, dessert traditionnel du diner des apôtres,\r\nNaturellement Vegan ingrédients : Farine de Blé T65\r\nLevain de Blé\r\nEau, sel, levure\r\nHuile d'Olive",
    "prix": 1.58,
    "unite": 1,
    "image_filename": null
  },
  {
    "id": 4987,
    "catalog_file_id": 215,
    "produit": "Shokupan 500 g",
    "description": "Pain de Mie de tradition Japonaise réalisée sur 3 pâtes et au levain de Panettone. \r\nConservation exceptionnelle de 10 jours sous film.\r\n10cm x 10cm x 19 cm ingrédients : Farine de Blé T55,\r\nLevain de Panettone\r\nLait, eau, sucre de canne, beurre isigny sainte mère,\r\nsel",
    "prix": 4.85,
    "unite": 1,
    "image_filename": null
  },
  {
    "id": 4988,
    "catalog_file_id": 215,
    "produit": "Pain de Riz et Sorgho aux graines en petit moule 500 g",
    "description": "Base du pain de riz et Sorgho, \r\nMélange de graines oléagineuses\r\n ingrédients : Farine de Riz\r\nfarine de sorgho\r\neau, sel, levain, huile d'olive\r\n\r\nLin brun, lin doré, pavot, sésame, tournesol.",
    "prix": 4.91,
    "unite": 1,
    "image_filename": null
  },
  {
    "id": 4989,
    "catalog_file_id": 215,
    "produit": "Roulé Cannelle 100 g",
    "description": "Sur une base de pain au lait, incorporation d'un beurre cannelle, puis tressage. ingrédients : Farine de Blé T65, lait, oeuf, beurre, sucre, sel, cannelle, levure",
    "prix": 1.69,
    "unite": 1,
    "image_filename": null
  },
  {
    "id": 4990,
    "catalog_file_id": 215,
    "produit": "Shokupan 1400 g",
    "description": "Pain de Mie de tradition Japonaise réalisée sur 3 pâtes et au levain de Panettone. \r\nConservation exceptionnelle de 10 jours sous film.\r\n11cm x 11cm x 36 cm ingrédients : Farine de Blé T55,\r\nLevain de Panettone\r\nLait, eau, sucre de canne, beurre isigny sainte mère,\r\nsel",
    "prix": 11.92,
    "unite": 1,
    "image_filename": null
  },
  {
    "id": 4991,
    "catalog_file_id": 215,
    "produit": "Crackers",
    "description": "Crackers au levain de seigle et graines oléagineuses, huile d'olive, origan ingrédients : Farine de Blé T80\r\nFarine de Seigle T170\r\neau, sel, Lin Brun, Lin doré, Pavot, Sésame , Tournesol, Huile d'Olive, Origan",
    "prix": 15.09,
    "unite": 1,
    "image_filename": null
  },
  {
    "id": 4992,
    "catalog_file_id": 215,
    "produit": "Cookies Noix-Noisettes-Chocolat",
    "description": "Cookies de 70 g\r\nGénéreusement garni de Noix, Noisettes et Chocolat ingrédients : Farine de Blé T65,\r\nOeufs entier, Beurre Isisgny Ste Mère, Sucre de Canne, \r\nNoix, Noisettes, Chocolat noir 66%\r\nsel, poudre levante",
    "prix": 1,
    "unite": 1,
    "image_filename": null
  },
  {
    "id": 4993,
    "catalog_file_id": 215,
    "produit": "Canistrellis",
    "description": "Biscuits de tradition Corse, à l'anis, huile d'olive et vin blanc ingrédients : Farine de Blé T65,\r\nhuile d'olive, vin blanc, sucre, sel, graines d'anis, poudre levante",
    "prix": 15.56,
    "unite": 1,
    "image_filename": null
  },
  {
    "id": 4994,
    "catalog_file_id": 215,
    "produit": "Brownie",
    "description": "Brownie aux Noix et chocolat noir 66% ingrédients : Farine de Blé T65\r\n Beurre Isigny St Mère, Œuf entier, sucre, noix, sel, poudre levante",
    "prix": 2.69,
    "unite": 1,
    "image_filename": null
  },
  {
    "id": 4995,
    "catalog_file_id": 215,
    "produit": "Pain de Campagne Grand Moulé 1300g",
    "description": "Pain de Campagne cuit en moule rectangulaire. ingrédients : Farine de Blé T80, levain de Seigle T170, eau, sel",
    "prix": 4.43,
    "unite": 1,
    "image_filename": null
  },
  {
    "id": 4996,
    "catalog_file_id": 215,
    "produit": "Cake au citron",
    "description": "Pour les amoureux du citron !\r\nZest de citron, jus de citron, citron confit, sirop de citron. ingrédients : Farine de Blé T65,\r\nCitron jaune\r\nSucre de canne, Œuf entier, beurre Isigny Ste Mère, amidon de Maïs, sel ",
    "prix": 7.91,
    "unite": 1,
    "image_filename": null
  },
  {
    "id": 4997,
    "catalog_file_id": 215,
    "produit": "Pain de Campagne Grand Moulé 1500g",
    "description": "Pain de Campagne cuit en moule rectangulaire. ingrédients : Farine de Blé T80, levain de Seigle T170, eau, sel",
    "prix": 4.43,
    "unite": 1,
    "image_filename": null
  },
  {
    "id": 4998,
    "catalog_file_id": 215,
    "produit": "Pain de Campagne Banneton 1000 g",
    "description": "Pain façonné en banneton osier et cuit à même sur la sole du four. Une croûte profonde et mie ouverte. ingrédients : Farine de Blé T80, levain de Seigle T170, eau, sel",
    "prix": 4.43,
    "unite": 1,
    "image_filename": null
  },
  {
    "id": 4999,
    "catalog_file_id": 215,
    "produit": "Sechskornbröt Petit moulé 500 g",
    "description": "Farine de Seigle Complet Blé semi complet Levain de seigle Sel et eau Tournesol, flocon d'avoine, lin brun, lin doré, graines de courge",
    "prix": 2.95,
    "unite": 1,
    "image_filename": null
  },
  {
    "id": 5000,
    "catalog_file_id": 215,
    "produit": "Pain aux graines Grand Moulé 1300g",
    "description": "Pain aux graines oléagineuses sur base de pain de campagne.  ingrédients : Farine de Blé T80, levain de Seigle T170, lin brun, lin doré, tournesol, sésame, pavot, eau, sel",
    "prix": 5.05,
    "unite": 1,
    "image_filename": null
  },
  {
    "id": 5001,
    "catalog_file_id": 216,
    "produit": "1 Pave de truite",
    "description": "1x 120 g environ / 25.20 le kilo",
    "prix": 3,
    "unite": 1,
    "image_filename": null
  },
  {
    "id": 5002,
    "catalog_file_id": 216,
    "produit": "1 Filet de truite",
    "description": "Filet entier au prix de 25.20 le kg",
    "prix": 25.2,
    "unite": 1,
    "image_filename": null
  },
  {
    "id": 5003,
    "catalog_file_id": 216,
    "produit": "oeufs de truite truchetet_Unite_",
    "description": "oeufs de truite",
    "prix": 7.6,
    "unite": 1,
    "image_filename": null
  },
  {
    "id": 5004,
    "catalog_file_id": 216,
    "produit": "Truite entiere truchetet_Kilo_",
    "description": "Truite entiere de septembre à décembre 2025  3 kg à 4 kg",
    "prix": 55,
    "unite": 1,
    "image_filename": null
  },
  {
    "id": 5005,
    "catalog_file_id": 216,
    "produit": "Truite fumee paquet 150g truchetet_Unite_",
    "description": "Truite fumee paquet 150g ( 4 tranches )",
    "prix": 8.5,
    "unite": 1,
    "image_filename": null
  },
  {
    "id": 5006,
    "catalog_file_id": 216,
    "produit": "Truite fumee paquet 250g_ truchetet_Unite_",
    "description": "Truite fumee paquet 250g (7 tranches)",
    "prix": 13.8,
    "unite": 1,
    "image_filename": null
  },
  {
    "id": 5007,
    "catalog_file_id": 216,
    "produit": "2 pavés de truite",
    "description": "2 x 120 g environ / 25,20 € le kg",
    "prix": 6,
    "unite": 1,
    "image_filename": null
  },
  {
    "id": 5008,
    "catalog_file_id": 216,
    "produit": "3 pavés de truite",
    "description": "3 x 120 g environ / 25,20 le kg",
    "prix": 9,
    "unite": 1,
    "image_filename": null
  },
  {
    "id": 5009,
    "catalog_file_id": 216,
    "produit": "4 pavés de truite",
    "description": "4 x 120 g environ / 25,20 € le kg",
    "prix": 12,
    "unite": 1,
    "image_filename": null
  },
  {
    "id": 5010,
    "catalog_file_id": 216,
    "produit": "5 pavés de truite ",
    "description": "5 x 120 g environ / 25, 20 le kg",
    "prix": 15,
    "unite": 1,
    "image_filename": null
  },
  {
    "id": 5011,
    "catalog_file_id": 216,
    "produit": "8 Pavés de truite",
    "description": "8 x 120 g environ/25,20 le kilo",
    "prix": 24,
    "unite": 1,
    "image_filename": null
  },
  {
    "id": 5012,
    "catalog_file_id": 216,
    "produit": "6 pavés de truite",
    "description": "6x 120g environ / 25,20 le kilo",
    "prix": 18,
    "unite": 1,
    "image_filename": null
  },
  {
    "id": 5013,
    "catalog_file_id": 217,
    "produit": "1 Pave de truite",
    "description": "1x 120 g environ / 25.20 le kilo",
    "prix": 3,
    "unite": 1,
    "image_filename": null
  },
  {
    "id": 5014,
    "catalog_file_id": 217,
    "produit": "1 Filet de truite",
    "description": "Filet entier au prix de 25.20 le kg",
    "prix": 25.2,
    "unite": 1,
    "image_filename": null
  },
  {
    "id": 5015,
    "catalog_file_id": 217,
    "produit": "oeufs de truite truchetet_Unite_",
    "description": "oeufs de truite",
    "prix": 7.6,
    "unite": 1,
    "image_filename": null
  },
  {
    "id": 5016,
    "catalog_file_id": 217,
    "produit": "Truite entiere truchetet_Kilo_",
    "description": "Truite entiere de septembre à décembre 2025  3 kg à 4 kg",
    "prix": 55,
    "unite": 1,
    "image_filename": null
  },
  {
    "id": 5017,
    "catalog_file_id": 217,
    "produit": "Truite fumee paquet 150g truchetet_Unite_",
    "description": "Truite fumee paquet 150g ( 4 tranches )",
    "prix": 8.5,
    "unite": 1,
    "image_filename": null
  },
  {
    "id": 5018,
    "catalog_file_id": 217,
    "produit": "Truite fumee paquet 250g_ truchetet_Unite_",
    "description": "Truite fumee paquet 250g (7 tranches)",
    "prix": 13.8,
    "unite": 1,
    "image_filename": null
  },
  {
    "id": 5019,
    "catalog_file_id": 217,
    "produit": "2 pavés de truite",
    "description": "2 x 120 g environ / 25,20 € le kg",
    "prix": 6,
    "unite": 1,
    "image_filename": null
  },
  {
    "id": 5020,
    "catalog_file_id": 217,
    "produit": "3 pavés de truite",
    "description": "3 x 120 g environ / 25,20 le kg",
    "prix": 9,
    "unite": 1,
    "image_filename": null
  },
  {
    "id": 5021,
    "catalog_file_id": 217,
    "produit": "4 pavés de truite",
    "description": "4 x 120 g environ / 25,20 € le kg",
    "prix": 12,
    "unite": 1,
    "image_filename": null
  },
  {
    "id": 5022,
    "catalog_file_id": 217,
    "produit": "5 pavés de truite ",
    "description": "5 x 120 g environ / 25, 20 le kg",
    "prix": 15,
    "unite": 1,
    "image_filename": null
  },
  {
    "id": 5023,
    "catalog_file_id": 217,
    "produit": "8 Pavés de truite",
    "description": "8 x 120 g environ/25,20 le kilo",
    "prix": 24,
    "unite": 1,
    "image_filename": null
  },
  {
    "id": 5024,
    "catalog_file_id": 217,
    "produit": "6 pavés de truite",
    "description": "6x 120g environ / 25,20 le kilo",
    "prix": 18,
    "unite": 1,
    "image_filename": null
  },
  {
    "id": 5025,
    "catalog_file_id": 218,
    "produit": "BLEU DE GEX 500g",
    "description": "sous vide - Fromage bénéficiant d'une AOC à pâte persillée pressée non cuite. L'arôme évoque le lait des riches pâturages du Jura. Son goût est unique. Délicieux en raclette, gratin, sur une salade avec des noix.",
    "prix": 9.63,
    "unite": 1,
    "image_filename": null
  },
  {
    "id": 5026,
    "catalog_file_id": 218,
    "produit": "COMTE DOUX 6 MOIS 500g",
    "description": "sous vide - Le plus jeune de nos Comtés appelé comté doux, 4 à 6 mois d'affinage. Si vous aimez les saveurs douces, ce Comté est fait pour vous. Sa texture onctueuse et ses arômes délicats vous raviront.",
    "prix": 8.22,
    "unite": 1,
    "image_filename": null
  },
  {
    "id": 5027,
    "catalog_file_id": 218,
    "produit": "COMTE RESERVE 18-24 MOIS 500g",
    "description": "sous vide - Ses 18 mois minimum d'affinage lui conférent un caractère bien trempé. Appelé Comté Réserve ou Extra, vous retrouverez en bouche ses petits cristaux appelés acides aminés",
    "prix": 11.81,
    "unite": 1,
    "image_filename": null
  },
  {
    "id": 5028,
    "catalog_file_id": 218,
    "produit": "RACLETTE LAIT CRU 1kg",
    "description": "sous vide - Fromage au lait cru, à pâte pressée non cuite.",
    "prix": 15.57,
    "unite": 1,
    "image_filename": null
  },
  {
    "id": 5029,
    "catalog_file_id": 218,
    "produit": "COMTE DOUX 6 MOIS 1kg",
    "description": "sous vide - Le plus jeune de nos Comtés appelé comté doux, 4 à 6 mois d'affinage. Si vous aimez les saveurs douces, ce Comté est fait pour vous. Sa texture onctueuse et ses arômes délicats vous raviront.",
    "prix": 15.78,
    "unite": 1,
    "image_filename": null
  },
  {
    "id": 5030,
    "catalog_file_id": 218,
    "produit": "MORBIER DOUX 1kg",
    "description": "sous vide - Fromage au lait cru à pâte pressée non cuite. Fabriqué dans le Jura, bénéficiant d'une AOP. Pâte souple au parfum délicat.",
    "prix": 15.94,
    "unite": 1,
    "image_filename": null
  },
  {
    "id": 5031,
    "catalog_file_id": 218,
    "produit": "TOMME DE MONTAGNE 1kg",
    "description": "sous vide - Fabriquée dans notre fruitière de Largillay D'un caractère plutôt doux , on la reconnaît à sa croûte grise, et sa pâte légèrement aérée.",
    "prix": 20.11,
    "unite": 1,
    "image_filename": null
  },
  {
    "id": 5032,
    "catalog_file_id": 218,
    "produit": "MONT D'OR moyen",
    "description": "(pour 3-4 pers) Fromage au lait cru, à pâte molle bénéficiant d'une AOP, aussi appelé vacherin du Haut-Doubs.",
    "prix": 14.52,
    "unite": 1,
    "image_filename": null
  },
  {
    "id": 5033,
    "catalog_file_id": 218,
    "produit": "COMTE FRUITE 12 MOIS 500g",
    "description": "sous vide - 10 à 16 mois d'affinage pour ce Comté aux arômes bien développés, appelé Comté Fruité. Sa pâte est à la fois ferme et souple. Fondant en bouche. Idéal pour les amateurs de comté aux saveurs bien aromatisées",
    "prix": 8.87,
    "unite": 1,
    "image_filename": null
  },
  {
    "id": 5034,
    "catalog_file_id": 218,
    "produit": "MORBIER AFFINE 500g",
    "description": "sous vide - Pâte pressée non cuite. Affiné entre 45 et 60 jours dans nos caves. Arôme développé, long en bouche. S'utilise également en raclette",
    "prix": 8.54,
    "unite": 1,
    "image_filename": null
  },
  {
    "id": 5035,
    "catalog_file_id": 218,
    "produit": "MORBIER DOUX 500g",
    "description": "sous vide - Fromage au lait cru à pâte pressée non cuite. Fabriqué dans le Jura, bénéficiant d'une AOP. Pâte souple au parfum délicat.",
    "prix": 8.3,
    "unite": 1,
    "image_filename": null
  },
  {
    "id": 5036,
    "catalog_file_id": 218,
    "produit": "RACLETTE LAIT CRU 500g",
    "description": "sous vide - Fromage au lait cru, à pâte pressée non cuite.",
    "prix": 8.11,
    "unite": 1,
    "image_filename": null
  },
  {
    "id": 5037,
    "catalog_file_id": 218,
    "produit": "TOME A L AIL 250g",
    "description": "sous vide",
    "prix": 6.54,
    "unite": 1,
    "image_filename": null
  },
  {
    "id": 5038,
    "catalog_file_id": 218,
    "produit": "TOME AIL DES OURS 250g",
    "description": "sous vide - Fromage thermisé au lait de vache, aromatisé à l'ail des ours qui apportera un goût très subtil à la pâte. Convient également en raclette",
    "prix": 6.54,
    "unite": 1,
    "image_filename": null
  },
  {
    "id": 5039,
    "catalog_file_id": 218,
    "produit": "TOME AU FENUGREC 250g",
    "description": "sous vide - Fromage thermisé au lait de vache aromatisé aux graines de fenugrec ( plante herbacée de la familles des fabaceae) qui apportera un arôme de noix au produit. Convient très bien en raclette",
    "prix": 6.54,
    "unite": 1,
    "image_filename": null
  },
  {
    "id": 5040,
    "catalog_file_id": 218,
    "produit": "BLEU DE GEX 1kg",
    "description": "sous vide - Fromage bénéficiant d'une AOC à pâte persillée pressée non cuite. L'arôme évoque le lait des riches pâturages du Jura. Son goût est unique. Délicieux en raclette, gratin, sur une salade avec des noix.",
    "prix": 18.61,
    "unite": 1,
    "image_filename": null
  },
  {
    "id": 5041,
    "catalog_file_id": 218,
    "produit": "COMTE FRUITE 12 MOIS 1kg",
    "description": "sous vide - 10 à 16 mois d'affinage pour ce Comté aux arômes bien développés, appellé Comté Fruité. Sa pâte est à la fois ferme et souple. Fondant en bouche. Idéal pour les amateurs de comté aux saveurs bien aromatisées",
    "prix": 17.09,
    "unite": 1,
    "image_filename": null
  },
  {
    "id": 5042,
    "catalog_file_id": 218,
    "produit": "MONT D'OR mini",
    "description": "(pour 2 pers) Fromage au lait cru, à pâte molle bénéficiant d'une AOP, aussi appelé vacherin du Haut-Doubs.",
    "prix": 11.05,
    "unite": 1,
    "image_filename": null
  },
  {
    "id": 5043,
    "catalog_file_id": 218,
    "produit": "COMTE RESERVE 18-24 MOIS 1kg",
    "description": "sous vide - Ses 18 mois minimum d'affinage lui conférent un caractère bien trempé. Appelé Comté Réserve ou Extra, vous retrouverez en bouche ses petits cristaux appelés acides aminés",
    "prix": 22.96,
    "unite": 1,
    "image_filename": null
  },
  {
    "id": 5044,
    "catalog_file_id": 218,
    "produit": "MORBIER AFFINE 1kg",
    "description": "sous vide - Pâte pressée non cuite. Affiné entre 45 et 60 jours dans nos caves. Arôme développé, long en bouche. S'utilise également en raclette",
    "prix": 16.42,
    "unite": 1,
    "image_filename": null
  },
  {
    "id": 5045,
    "catalog_file_id": 218,
    "produit": "TOMME DE MONTAGNE 500g",
    "description": "sous vide - Fabriquée dans notre fruitière de Largillay D'un caractère plutôt doux , on la reconnaît à sa croûte grise, et sa pâte légèrement aérée.",
    "prix": 10.38,
    "unite": 1,
    "image_filename": null
  },
  {
    "id": 5046,
    "catalog_file_id": 218,
    "produit": "SAUCISSE DE MORTEAU",
    "description": "sous vide - La saucisse de Morteau Label Rouge est faite avec de la viande de porc de première qualité et préparée selon la tradition régionale, fumée de façon traditionnelle dans des tuyés dans la région de Morteau. Elle bénéficie d'un label IGP (Indication Géographique Protégée) depuis 2010 et se congèle très facilement.",
    "prix": 11.29,
    "unite": 1,
    "image_filename": null
  },
  {
    "id": 5048,
    "catalog_file_id": 220,
    "produit": "paquet de 2 cuisses de poulet",
    "description": "8,70 €/kg   400g",
    "prix": 3.48,
    "unite": 1,
    "image_filename": null
  },
  {
    "id": 5049,
    "catalog_file_id": 220,
    "produit": "poulet entier (moyen)",
    "description": "7,50 €/KG    pour 1kg700",
    "prix": 12.75,
    "unite": 1,
    "image_filename": null
  },
  {
    "id": 5050,
    "catalog_file_id": 220,
    "produit": "Coquelet ",
    "description": "8,10 €/kg    pour 850 g",
    "prix": 6.88,
    "unite": 1,
    "image_filename": null
  },
  {
    "id": 5051,
    "catalog_file_id": 220,
    "produit": "pintade",
    "description": "9 €/kg   pour 1kg500",
    "prix": 13.5,
    "unite": 1,
    "image_filename": null
  },
  {
    "id": 5052,
    "catalog_file_id": 220,
    "produit": "Ailes de poulets",
    "description": "Paquet de 6 ailes",
    "prix": 4.8,
    "unite": 1,
    "image_filename": null
  },
  {
    "id": 5053,
    "catalog_file_id": 200,
    "produit": "poulet entier",
    "description": "7,50 € le KG    pour 1kg700",
    "prix": 12.75,
    "unite": 1,
    "image_filename": null
  },
  {
    "id": 5054,
    "catalog_file_id": 150,
    "produit": "Chausson en peau",
    "description": "Taille 37 .. (prix variable suivant taille, disponible de la taille 16 à 44 )",
    "prix": 50,
    "unite": 1,
    "image_filename": null
  },
  {
    "id": 5055,
    "catalog_file_id": 221,
    "produit": "Morceau fromage brebis 1 kg_ferme Gaztelu Gat_Kilo_",
    "description": "fromage brebis 1 kg",
    "prix": 20,
    "unite": 1,
    "image_filename": null
  },
  {
    "id": 5056,
    "catalog_file_id": 221,
    "produit": "Tomme entière 5kg",
    "description": "19€/kilo",
    "prix": 95,
    "unite": 1,
    "image_filename": null
  },
  {
    "id": 5057,
    "catalog_file_id": 221,
    "produit": "Morceau 500g brebis",
    "description": "20€/kilo",
    "prix": 10,
    "unite": 1,
    "image_filename": null
  },
  {
    "id": 5058,
    "catalog_file_id": 221,
    "produit": "Tomme entière environ 2kg ",
    "description": "19€  le kilo",
    "prix": 38,
    "unite": 1,
    "image_filename": null
  },
  {
    "id": 5059,
    "catalog_file_id": 222,
    "produit": "Tomme entière environ 2kg",
    "description": "27€/kilo",
    "prix": 54,
    "unite": 1,
    "image_filename": null
  },
  {
    "id": 5060,
    "catalog_file_id": 222,
    "produit": "Demi tomme de brebis",
    "description": "environ 1kg 28€/kilo",
    "prix": 28,
    "unite": 1,
    "image_filename": null
  },
  {
    "id": 5061,
    "catalog_file_id": 222,
    "produit": "Quart de tomme de brebis",
    "description": "28€/kilo environ 500g",
    "prix": 14,
    "unite": 1,
    "image_filename": null
  },
  {
    "id": 5062,
    "catalog_file_id": 223,
    "produit": "foie gras entier 350g",
    "description": "conserve 350g ",
    "prix": 42,
    "unite": 1,
    "image_filename": null
  },
  {
    "id": 5063,
    "catalog_file_id": 223,
    "produit": "rillettes de canard 200 g ",
    "description": "conserve 200g",
    "prix": 5,
    "unite": 1,
    "image_filename": null
  },
  {
    "id": 5064,
    "catalog_file_id": 223,
    "produit": "foie gras entier  200 g ",
    "description": "conserve 200g",
    "prix": 25.2,
    "unite": 1,
    "image_filename": null
  },
  {
    "id": 5065,
    "catalog_file_id": 223,
    "produit": "boite de 2 cuisses 600g ",
    "description": "conserve 600g",
    "prix": 10.5,
    "unite": 1,
    "image_filename": null
  },
  {
    "id": 5066,
    "catalog_file_id": 223,
    "produit": "Confit de canard ",
    "description": "1 conserve avec 1 magret, 1 cuisse 1 aile, graisse ",
    "prix": 15,
    "unite": 1,
    "image_filename": null
  },
  {
    "id": 5067,
    "catalog_file_id": 223,
    "produit": "pâté de canard 270 g ",
    "description": "conserve 270g",
    "prix": 10,
    "unite": 1,
    "image_filename": null
  },
  {
    "id": 5068,
    "catalog_file_id": 223,
    "produit": "Canard entier ",
    "description": "2 foie gras entier 200g 2 confit de canard 1100g 1 rillettes de 200g ",
    "prix": 76.5,
    "unite": 1,
    "image_filename": null
  },
  {
    "id": 5069,
    "catalog_file_id": 223,
    "produit": "Le demi canard",
    "description": " 1 foie gras entier 200g 1 confit de canard 1100g 1 paté de 270g ",
    "prix": 44,
    "unite": 1,
    "image_filename": null
  },
  {
    "id": 5070,
    "catalog_file_id": 223,
    "produit": "MAGRET FRAIS",
    "description": "23,50€/kilo, magret sous vide d'environ 400g",
    "prix": 9.4,
    "unite": 1,
    "image_filename": null
  },
  {
    "id": 5072,
    "catalog_file_id": 223,
    "produit": "Bolognaise de canard",
    "description": "400G",
    "prix": 13,
    "unite": 1,
    "image_filename": null
  },
  {
    "id": 5073,
    "catalog_file_id": 224,
    "produit": "Pain de Campagne Miche 2000 g",
    "description": "Gros pain de 2 kg, très longue cuisson.  ingrédients : Farine de Blé T80, levain de Seigle T170, eau, sel",
    "prix": 4.43,
    "unite": 1,
    "image_filename": null
  },
  {
    "id": 5074,
    "catalog_file_id": 224,
    "produit": "Pain de Méteil en Boule 1000 g",
    "description": "Pain rustique mi blé mi seigle au levain de seigle ingrédients : Farine de Blé T80\r\nFarine de Seigle T70\r\neau, sel, levain de seigle",
    "prix": 4.91,
    "unite": 1,
    "image_filename": null
  },
  {
    "id": 5075,
    "catalog_file_id": 224,
    "produit": "Brioche 450 g",
    "description": "Brioche au beurre Isigny Sainte Mère AOP et aux oeufs. Pas de lait ni d'eau. ingrédients : Farine de Blé T65, Levain de laitOeufs entiers, beurre Isigny St Mère, sucre de canne, sel, levure ",
    "prix": 6.18,
    "unite": 1,
    "image_filename": null
  },
  {
    "id": 5076,
    "catalog_file_id": 224,
    "produit": "Brioche 900 g",
    "description": "Brioche au beurre Isigny Sainte Mère AOP et aux oeufs. Pas de lait ni d'eau. ingrédients : Farine de Blé T65, \r\nLevain de lait\r\nOeufs entiers, beurre Isigny St Mère, \r\nsucre de canne, sel, levure ",
    "prix": 12.55,
    "unite": 1,
    "image_filename": null
  },
  {
    "id": 5077,
    "catalog_file_id": 224,
    "produit": "Roulé Cannelle 100 g",
    "description": "Sur une base de pain au lait, incorporation d'un beurre cannelle, puis tressage. ingrédients : Farine de Blé T65, lait, oeuf, beurre, sucre, sel, cannelle, levure",
    "prix": 1.69,
    "unite": 1,
    "image_filename": null
  },
  {
    "id": 5078,
    "catalog_file_id": 224,
    "produit": "Brioche Provençale \"Pompe à l'huile\"",
    "description": "Brioche sans beurre ni œuf, dessert traditionnel du diner des apôtres,\r\nNaturellement Vegan ingrédients : Farine de Blé T65\r\nLevain de Blé\r\nEau, sel, levure\r\nHuile d'Olive",
    "prix": 1.58,
    "unite": 1,
    "image_filename": null
  },
  {
    "id": 5079,
    "catalog_file_id": 224,
    "produit": "Cookies Noix-Noisettes-Chocolat",
    "description": "Cookies de 70 g\r\nGénéreusement garni de Noix, Noisettes et Chocolat ingrédients : Farine de Blé T65,\r\nOeufs entier, Beurre Isisgny Ste Mère, Sucre de Canne, \r\nNoix, Noisettes, Chocolat noir 66%\r\nsel, poudre levante",
    "prix": 1,
    "unite": 1,
    "image_filename": null
  },
  {
    "id": 5080,
    "catalog_file_id": 224,
    "produit": "Canistrellis",
    "description": "Biscuits de tradition Corse, à l'anis, huile d'olive et vin blanc ingrédients : Farine de Blé T65,\r\nhuile d'olive, vin blanc, sucre, sel, graines d'anis, poudre levante",
    "prix": 15.56,
    "unite": 1,
    "image_filename": null
  },
  {
    "id": 5081,
    "catalog_file_id": 224,
    "produit": "Brownie",
    "description": "Brownie aux Noix et chocolat noir 66% ingrédients : Farine de Blé T65\r\n Beurre Isigny St Mère, Œuf entier, sucre, noix, sel, poudre levante",
    "prix": 2.69,
    "unite": 1,
    "image_filename": null
  },
  {
    "id": 5082,
    "catalog_file_id": 224,
    "produit": "Pain Complet Banneton 1000 g",
    "description": "Pain complet riche en fibres et minéraux, sans acide phytique grâce à la longue fermentation au levain. ingrédients : Pain complet riche en fibres et minéraux, sans acide phytique grâce à la longue fermentation au levain.",
    "prix": 4.59,
    "unite": 1,
    "image_filename": null
  },
  {
    "id": 5083,
    "catalog_file_id": 224,
    "produit": "Pain au Maïs en petit moules 500 g",
    "description": "Farine de Maïs Ancien Grand Roux Basque\r\nBlé et Graines de tournesol ingrédients : Farine de Maïs\r\nFarine de Blé T65\r\nLevain de Blé, eau, sel\r\nGraines de tournesol\r\nCurcuma",
    "prix": 3.69,
    "unite": 1,
    "image_filename": null
  },
  {
    "id": 5084,
    "catalog_file_id": 224,
    "produit": "Pain complet Grand Moulé 1300g",
    "description": "Pain complet riche en fibres et minéraux, sans acide phytique grâce à la longue fermentation au levain. ingrédients : Farine de Blé T80, Rémoulage, son fin,  levain de Seigle T170, eau, sel",
    "prix": 4.59,
    "unite": 1,
    "image_filename": null
  },
  {
    "id": 5085,
    "catalog_file_id": 224,
    "produit": "Pain Intégral Grand Moulé 1300 g",
    "description": "Pain au levain de seigle, réalisé avec l'intégralité du grain de blé.  Très riche en fibres et minéraux ingrédients : Farine de Blé T80, Rémoulage, son gros, son fin,  levain de Seigle T170, eau, sel",
    "prix": 4.59,
    "unite": 1,
    "image_filename": null
  },
  {
    "id": 5086,
    "catalog_file_id": 224,
    "produit": "Pain aux Noix Grand Moulé 1300 g",
    "description": "Un pain aux noix concassées et réhydratées, sur la base du pain de Campagne.  ingrédients : Farine de Blé T80, levain de Seigle T170, Noix, eau, sel",
    "prix": 8.23,
    "unite": 1,
    "image_filename": null
  },
  {
    "id": 5087,
    "catalog_file_id": 224,
    "produit": "Pain aux graines Banneton 1000g",
    "description": "Pain façonné en banneton osier et cuit à même sur la sole du four. Une croûte profonde et mie ouverte. ingrédients : Farine de Blé T80, levain de Seigle T170, lin brun, lin doré, tournesol, sésame, pavot, eau, sel",
    "prix": 5.05,
    "unite": 1,
    "image_filename": null
  },
  {
    "id": 5088,
    "catalog_file_id": 224,
    "produit": "Pain aux graines Grand Moulé 1300g",
    "description": "Pain aux graines oléagineuses sur base de pain de campagne.  ingrédients : Farine de Blé T80, levain de Seigle T170, lin brun, lin doré, tournesol, sésame, pavot, eau, sel",
    "prix": 5.05,
    "unite": 1,
    "image_filename": null
  },
  {
    "id": 5089,
    "catalog_file_id": 224,
    "produit": "Pain Généreux Grand Moulé 1300g",
    "description": "Pain aux fruits sec et fruits à coque, enveloppé dans des flocons d'avoine. ingrédients : Farine de Blé T80, levain de Seigle T170, Noisettes, Abricots, raisins de corinthe, flocons d'avoines, graines de courge, eau, sel",
    "prix": 6.7,
    "unite": 1,
    "image_filename": null
  },
  {
    "id": 5090,
    "catalog_file_id": 224,
    "produit": "Pain de Campagne Moule Fermé 1500 g",
    "description": "Pain de Campagne cuit en moule fermé.\r\nIl a une forme parfaitement rectangulaire, et très peu de croûte ingrédients : Farine de Blé T80, levain de Seigle T170, eau, sel",
    "prix": 4.43,
    "unite": 1,
    "image_filename": null
  },
  {
    "id": 5091,
    "catalog_file_id": 224,
    "produit": "Pain aux graines Miche 2000 g",
    "description": "Gros pain de 2 kg, très longue cuisson.  ingrédients : Farine de Blé T80, levain de Seigle T170, lin brun, lin doré, tournesol, sésame, pavot, eau, sel",
    "prix": 5.05,
    "unite": 1,
    "image_filename": null
  },
  {
    "id": 5093,
    "catalog_file_id": 224,
    "produit": "Pain de Riz et Sorgho aux graines en petit moule 500 g",
    "description": "Base du pain de riz et Sorgho, \r\nMélange de graines oléagineuses\r\n ingrédients : Farine de Riz\r\nfarine de sorgho\r\neau, sel, levain, huile d'olive\r\n\r\nLin brun, lin doré, pavot, sésame, tournesol.",
    "prix": 4.91,
    "unite": 1,
    "image_filename": null
  },
  {
    "id": 5094,
    "catalog_file_id": 224,
    "produit": "Pain de Riz et Sorgho petit moule 500 g",
    "description": "Farines de Riz et de Sorgho, naturellement sans gluten, Huile d'olive. ingrédients : Farine de Riz\r\nFarine de Sorgho\r\nEau, sel, huile d'olive, levain et levure",
    "prix": 4.59,
    "unite": 1,
    "image_filename": null
  },
  {
    "id": 5095,
    "catalog_file_id": 224,
    "produit": "Cake au citron",
    "description": "Pour les amoureux du citron !\r\nZest de citron, jus de citron, citron confit, sirop de citron. ingrédients : Farine de Blé T65,\r\nCitron jaune\r\nSucre de canne, Œuf entier, beurre Isigny Ste Mère, amidon de Maïs, sel ",
    "prix": 7.91,
    "unite": 1,
    "image_filename": null
  },
  {
    "id": 5096,
    "catalog_file_id": 224,
    "produit": "Pain de Campagne Grand Moulé 1300g",
    "description": "Pain de Campagne cuit en moule rectangulaire. ingrédients : Farine de Blé T80, levain de Seigle T170, eau, sel",
    "prix": 4.43,
    "unite": 1,
    "image_filename": null
  },
  {
    "id": 5097,
    "catalog_file_id": 224,
    "produit": "Pain de Campagne Banneton 1000 g",
    "description": "Pain façonné en banneton osier et cuit à même sur la sole du four. Une croûte profonde et mie ouverte. ingrédients : Farine de Blé T80, levain de Seigle T170, eau, sel",
    "prix": 4.43,
    "unite": 1,
    "image_filename": null
  },
  {
    "id": 5098,
    "catalog_file_id": 224,
    "produit": "Pain de Campagne Grand Moulé 1500g",
    "description": "Pain de Campagne cuit en moule rectangulaire. ingrédients : Farine de Blé T80, levain de Seigle T170, eau, sel",
    "prix": 4.43,
    "unite": 1,
    "image_filename": null
  },
  {
    "id": 5099,
    "catalog_file_id": 224,
    "produit": "Sechskornbröt Petit moulé 500 g",
    "description": "Farine de Seigle Complet Blé semi complet Levain de seigle Sel et eau Tournesol, flocon d'avoine, lin brun, lin doré, graines de courge",
    "prix": 2.95,
    "unite": 1,
    "image_filename": null
  },
  {
    "id": 5101,
    "catalog_file_id": 224,
    "produit": "Petit Epeautre petit moule 500 g",
    "description": "Pain à la farine de Petit épeautre complet (engrain), et au levain de petit épeautre complet.\r\nTerroir AOP des Alpes de Haute Provence\r\nTrès riche en protéine et pauvre en gluten. ingrédients : Farine de Petit Epeautre complet\r\nlevain de Petit Epeautre, \r\neau, sel",
    "prix": 3.8,
    "unite": 1,
    "image_filename": null
  },
  {
    "id": 5103,
    "catalog_file_id": 224,
    "produit": "Petit Epeautre Grand  moule 1300 g",
    "description": "Pain à la farine de Petit épeautre complet (engrain), et au levain de petit épeautre complet.\r\nTerroir AOP des Alpes de Haute Provence\r\nTrès riche en protéine et pauvre en gluten. ingrédients : Farine de Petit Epeautre complet\r\nlevain de Petit Epeautre, \r\neau, sel",
    "prix": 8.02,
    "unite": 1,
    "image_filename": null
  },
  {
    "id": 5105,
    "catalog_file_id": 224,
    "produit": "Pain de Khorasan en boule de 800 g",
    "description": "Farine de Blé dur ancien de variété Khorasan.  ingrédients : Farine de Khorasan \r\nLevain de Khorasan\r\neau, sel",
    "prix": 6.27,
    "unite": 1,
    "image_filename": null
  },
  {
    "id": 5106,
    "catalog_file_id": 225,
    "produit": "Pain de Campagne Miche 2000 g",
    "description": "Gros pain de 2 kg, très longue cuisson.  ingrédients : Farine de Blé T80, levain de Seigle T170, eau, sel",
    "prix": 4.43,
    "unite": 1,
    "image_filename": null
  },
  {
    "id": 5107,
    "catalog_file_id": 225,
    "produit": "Pain aux graines Miche 2000 g",
    "description": "Gros pain de 2 kg, très longue cuisson.  ingrédients : Farine de Blé T80, levain de Seigle T170, lin brun, lin doré, tournesol, sésame, pavot, eau, sel",
    "prix": 5.05,
    "unite": 1,
    "image_filename": null
  },
  {
    "id": 5108,
    "catalog_file_id": 225,
    "produit": "Petit Epeautre petit moule 500 g",
    "description": "Pain à la farine de Petit épeautre complet (engrain), et au levain de petit épeautre complet.\r\nTerroir AOP des Alpes de Haute Provence\r\nTrès riche en protéine et pauvre en gluten. ingrédients : Farine de Petit Epeautre complet\r\nlevain de Petit Epeautre, \r\neau, sel",
    "prix": 3.8,
    "unite": 1,
    "image_filename": null
  },
  {
    "id": 5109,
    "catalog_file_id": 225,
    "produit": "Pain de Campagne Moule Fermé 1500 g",
    "description": "Pain de Campagne cuit en moule fermé.\r\nIl a une forme parfaitement rectangulaire, et très peu de croûte ingrédients : Farine de Blé T80, levain de Seigle T170, eau, sel",
    "prix": 4.43,
    "unite": 1,
    "image_filename": null
  },
  {
    "id": 5110,
    "catalog_file_id": 225,
    "produit": "Pain de Riz et Sorgho petit moule 500 g",
    "description": "Farines de Riz et de Sorgho, naturellement sans gluten, Huile d'olive. ingrédients : Farine de Riz\r\nFarine de Sorgho\r\nEau, sel, huile d'olive, levain et levure",
    "prix": 4.59,
    "unite": 1,
    "image_filename": null
  },
  {
    "id": 5111,
    "catalog_file_id": 225,
    "produit": "Pain Généreux Grand Moulé 1300g",
    "description": "Pain aux fruits sec et fruits à coque, enveloppé dans des flocons d'avoine. ingrédients : Farine de Blé T80, levain de Seigle T170, Noisettes, Abricots, raisins de corinthe, flocons d'avoines, graines de courge, eau, sel",
    "prix": 6.7,
    "unite": 1,
    "image_filename": null
  },
  {
    "id": 5112,
    "catalog_file_id": 225,
    "produit": "Pain aux graines Banneton 1000g",
    "description": "Pain façonné en banneton osier et cuit à même sur la sole du four. Une croûte profonde et mie ouverte. ingrédients : Farine de Blé T80, levain de Seigle T170, lin brun, lin doré, tournesol, sésame, pavot, eau, sel",
    "prix": 5.05,
    "unite": 1,
    "image_filename": null
  },
  {
    "id": 5113,
    "catalog_file_id": 225,
    "produit": "Petit Epeautre Grand  moule 1300 g",
    "description": "Pain à la farine de Petit épeautre complet (engrain), et au levain de petit épeautre complet.\r\nTerroir AOP des Alpes de Haute Provence\r\nTrès riche en protéine et pauvre en gluten. ingrédients : Farine de Petit Epeautre complet\r\nlevain de Petit Epeautre, \r\neau, sel",
    "prix": 8.02,
    "unite": 1,
    "image_filename": null
  },
  {
    "id": 5114,
    "catalog_file_id": 225,
    "produit": "Pain Complet Banneton 1000 g",
    "description": "Pain complet riche en fibres et minéraux, sans acide phytique grâce à la longue fermentation au levain. ingrédients : Pain complet riche en fibres et minéraux, sans acide phytique grâce à la longue fermentation au levain.",
    "prix": 4.59,
    "unite": 1,
    "image_filename": null
  },
  {
    "id": 5115,
    "catalog_file_id": 225,
    "produit": "Pain complet Grand Moulé 1300g",
    "description": "Pain complet riche en fibres et minéraux, sans acide phytique grâce à la longue fermentation au levain. ingrédients : Farine de Blé T80, Rémoulage, son fin,  levain de Seigle T170, eau, sel",
    "prix": 4.59,
    "unite": 1,
    "image_filename": null
  },
  {
    "id": 5116,
    "catalog_file_id": 225,
    "produit": "Pain au Maïs en petit moules 500 g",
    "description": "Farine de Maïs Ancien Grand Roux Basque\r\nBlé et Graines de tournesol ingrédients : Farine de Maïs\r\nFarine de Blé T65\r\nLevain de Blé, eau, sel\r\nGraines de tournesol\r\nCurcuma",
    "prix": 3.69,
    "unite": 1,
    "image_filename": null
  },
  {
    "id": 5117,
    "catalog_file_id": 225,
    "produit": "Pain Intégral Grand Moulé 1300 g",
    "description": "Pain au levain de seigle, réalisé avec l'intégralité du grain de blé.  Très riche en fibres et minéraux ingrédients : Farine de Blé T80, Rémoulage, son gros, son fin,  levain de Seigle T170, eau, sel",
    "prix": 4.59,
    "unite": 1,
    "image_filename": null
  },
  {
    "id": 5118,
    "catalog_file_id": 225,
    "produit": "Pain aux Noix Grand Moulé 1300 g",
    "description": "Un pain aux noix concassées et réhydratées, sur la base du pain de Campagne.  ingrédients : Farine de Blé T80, levain de Seigle T170, Noix, eau, sel",
    "prix": 8.23,
    "unite": 1,
    "image_filename": null
  },
  {
    "id": 5119,
    "catalog_file_id": 225,
    "produit": "Brioche 900 g",
    "description": "Brioche au beurre Isigny Sainte Mère AOP et aux oeufs. Pas de lait ni d'eau. ingrédients : Farine de Blé T65, \r\nLevain de lait\r\nOeufs entiers, beurre Isigny St Mère, \r\nsucre de canne, sel, levure ",
    "prix": 12.55,
    "unite": 1,
    "image_filename": null
  },
  {
    "id": 5120,
    "catalog_file_id": 225,
    "produit": "Brioche 450 g",
    "description": "Brioche au beurre Isigny Sainte Mère AOP et aux oeufs. Pas de lait ni d'eau. ingrédients : Farine de Blé T65, Levain de laitOeufs entiers, beurre Isigny St Mère, sucre de canne, sel, levure ",
    "prix": 6.18,
    "unite": 1,
    "image_filename": null
  },
  {
    "id": 5121,
    "catalog_file_id": 225,
    "produit": "Brioche Provençale \"Pompe à l'huile\"",
    "description": "Brioche sans beurre ni œuf, dessert traditionnel du diner des apôtres,\r\nNaturellement Vegan ingrédients : Farine de Blé T65\r\nLevain de Blé\r\nEau, sel, levure\r\nHuile d'Olive",
    "prix": 1.6,
    "unite": 1,
    "image_filename": null
  },
  {
    "id": 5122,
    "catalog_file_id": 225,
    "produit": "Shokupan 500 g",
    "description": "Pain de Mie de tradition Japonaise réalisée sur 3 pâtes et au levain de Panettone. \r\nConservation exceptionnelle de 10 jours sous film.\r\n10cm x 10cm x 19 cm ingrédients : Farine de Blé T55,\r\nLevain de Panettone\r\nLait, eau, sucre de canne, beurre isigny sainte mère,\r\nsel",
    "prix": 4.85,
    "unite": 1,
    "image_filename": null
  },
  {
    "id": 5123,
    "catalog_file_id": 225,
    "produit": "Pain de Riz et Sorgho aux graines en petit moule 500 g",
    "description": "Base du pain de riz et Sorgho, \r\nMélange de graines oléagineuses\r\n ingrédients : Farine de Riz\r\nfarine de sorgho\r\neau, sel, levain, huile d'olive\r\n\r\nLin brun, lin doré, pavot, sésame, tournesol.",
    "prix": 4.91,
    "unite": 1,
    "image_filename": null
  },
  {
    "id": 5124,
    "catalog_file_id": 225,
    "produit": "Roulé Cannelle 100 g",
    "description": "Sur une base de pain au lait, incorporation d'un beurre cannelle, puis tressage. ingrédients : Farine de Blé T65, lait, oeuf, beurre, sucre, sel, cannelle, levure",
    "prix": 1.69,
    "unite": 1,
    "image_filename": null
  },
  {
    "id": 5125,
    "catalog_file_id": 225,
    "produit": "Shokupan 1400 g",
    "description": "Pain de Mie de tradition Japonaise réalisée sur 3 pâtes et au levain de Panettone. \r\nConservation exceptionnelle de 10 jours sous film.\r\n11cm x 11cm x 36 cm ingrédients : Farine de Blé T55,\r\nLevain de Panettone\r\nLait, eau, sucre de canne, beurre isigny sainte mère,\r\nsel",
    "prix": 11.92,
    "unite": 1,
    "image_filename": null
  },
  {
    "id": 5126,
    "catalog_file_id": 225,
    "produit": "Crackers",
    "description": "Crackers au levain de seigle et graines oléagineuses, huile d'olive, origan ingrédients : Farine de Blé T80\r\nFarine de Seigle T170\r\neau, sel, Lin Brun, Lin doré, Pavot, Sésame , Tournesol, Huile d'Olive, Origan",
    "prix": 15.1,
    "unite": 1,
    "image_filename": null
  },
  {
    "id": 5127,
    "catalog_file_id": 225,
    "produit": "Cookies Noix-Noisettes-Chocolat",
    "description": "Cookies de 70 g\r\nGénéreusement garni de Noix, Noisettes et Chocolat ingrédients : Farine de Blé T65,\r\nOeufs entier, Beurre Isisgny Ste Mère, Sucre de Canne, \r\nNoix, Noisettes, Chocolat noir 66%\r\nsel, poudre levante",
    "prix": 1,
    "unite": 1,
    "image_filename": null
  },
  {
    "id": 5128,
    "catalog_file_id": 225,
    "produit": "Canistrellis",
    "description": "Biscuits de tradition Corse, à l'anis, huile d'olive et vin blanc ingrédients : Farine de Blé T65,\r\nhuile d'olive, vin blanc, sucre, sel, graines d'anis, poudre levante",
    "prix": 15.56,
    "unite": 1,
    "image_filename": null
  },
  {
    "id": 5129,
    "catalog_file_id": 225,
    "produit": "Brownie",
    "description": "Brownie aux Noix et chocolat noir 66% ingrédients : Farine de Blé T65\r\n Beurre Isigny St Mère, Œuf entier, sucre, noix, sel, poudre levante",
    "prix": 2.69,
    "unite": 1,
    "image_filename": null
  },
  {
    "id": 5130,
    "catalog_file_id": 225,
    "produit": "Pain de Campagne Grand Moulé 1300g",
    "description": "Pain de Campagne cuit en moule rectangulaire. ingrédients : Farine de Blé T80, levain de Seigle T170, eau, sel",
    "prix": 4.43,
    "unite": 1,
    "image_filename": null
  },
  {
    "id": 5131,
    "catalog_file_id": 225,
    "produit": "Cake au citron",
    "description": "Pour les amoureux du citron !\r\nZest de citron, jus de citron, citron confit, sirop de citron. ingrédients : Farine de Blé T65,\r\nCitron jaune\r\nSucre de canne, Œuf entier, beurre Isigny Ste Mère, amidon de Maïs, sel ",
    "prix": 7.91,
    "unite": 1,
    "image_filename": null
  },
  {
    "id": 5132,
    "catalog_file_id": 225,
    "produit": "Pain de Campagne Grand Moulé 1500g",
    "description": "Pain de Campagne cuit en moule rectangulaire. ingrédients : Farine de Blé T80, levain de Seigle T170, eau, sel",
    "prix": 4.43,
    "unite": 1,
    "image_filename": null
  },
  {
    "id": 5133,
    "catalog_file_id": 225,
    "produit": "Pain de Campagne Banneton 1000 g",
    "description": "Pain façonné en banneton osier et cuit à même sur la sole du four. Une croûte profonde et mie ouverte. ingrédients : Farine de Blé T80, levain de Seigle T170, eau, sel",
    "prix": 4.43,
    "unite": 1,
    "image_filename": null
  },
  {
    "id": 5134,
    "catalog_file_id": 225,
    "produit": "Sechskornbröt Petit moulé 500 g",
    "description": "Farine de Seigle Complet Blé semi complet Levain de seigle Sel et eau Tournesol, flocon d'avoine, lin brun, lin doré, graines de courge",
    "prix": 2.95,
    "unite": 1,
    "image_filename": null
  },
  {
    "id": 5135,
    "catalog_file_id": 225,
    "produit": "Pain aux graines Grand Moulé 1300g",
    "description": "Pain aux graines oléagineuses sur base de pain de campagne.  ingrédients : Farine de Blé T80, levain de Seigle T170, lin brun, lin doré, tournesol, sésame, pavot, eau, sel",
    "prix": 5.05,
    "unite": 1,
    "image_filename": null
  },
  {
    "id": 5138,
    "catalog_file_id": 228,
    "produit": "(2)Mozzarella fermière 120g - 28€/kg",
    "description": "Boule de 120 gr en pot + 1€ de consigne",
    "prix": 4.4,
    "unite": 1,
    "image_filename": null
  },
  {
    "id": 5139,
    "catalog_file_id": 228,
    "produit": "(1)Mozzarella fermière 90g - 28€/kg",
    "description": "Boule de 90 gr en pot +1€ de consigne ",
    "prix": 3.55,
    "unite": 1,
    "image_filename": null
  },
  {
    "id": 5140,
    "catalog_file_id": 228,
    "produit": "(3)Mozzarella fermière 150g - 28€/kg",
    "description": "Boule de 150 gr en pot + 1€ de consigne",
    "prix": 5.2,
    "unite": 1,
    "image_filename": null
  },
  {
    "id": 5141,
    "catalog_file_id": 228,
    "produit": "Petit Camembert au lait cru de bufflonnes ",
    "description": "Petit = 250 gr",
    "prix": 5,
    "unite": 1,
    "image_filename": null
  },
  {
    "id": 5142,
    "catalog_file_id": 228,
    "produit": "Grand Camembert au lait cru de bufflonnes",
    "description": "Grand = 300 gr",
    "prix": 7,
    "unite": 1,
    "image_filename": null
  },
  {
    "id": 5143,
    "catalog_file_id": 228,
    "produit": "Frais'tille ",
    "description": "fromage frais au lait cru (environ 200 gr)",
    "prix": 3.5,
    "unite": 1,
    "image_filename": null
  },
  {
    "id": 5144,
    "catalog_file_id": 228,
    "produit": "Saint-Bufflin ",
    "description": "Fromage au lait cru affiné",
    "prix": 4.5,
    "unite": 1,
    "image_filename": null
  },
  {
    "id": 5145,
    "catalog_file_id": 229,
    "produit": "Araignee de porc  La ferme d'Arracq",
    "description": " Sous vide environ 300 G ",
    "prix": 5.64,
    "unite": 1,
    "image_filename": null
  },
  {
    "id": 5146,
    "catalog_file_id": 229,
    "produit": "Rôti ",
    "description": "Sous vide environ 800g",
    "prix": 23.12,
    "unite": 1,
    "image_filename": null
  },
  {
    "id": 5147,
    "catalog_file_id": 229,
    "produit": "Lardons séchés La ferme d'Arracq",
    "description": "Sous vide environ 200 G \r\n ",
    "prix": 3.54,
    "unite": 1,
    "image_filename": null
  },
  {
    "id": 5148,
    "catalog_file_id": 229,
    "produit": "Chipolata par 5 La ferme d'Arracq",
    "description": "Sous vide environ 350 G ",
    "prix": 5.02,
    "unite": 1,
    "image_filename": null
  },
  {
    "id": 5149,
    "catalog_file_id": 229,
    "produit": "graisserons",
    "description": "pot de 190 gr",
    "prix": 3.94,
    "unite": 1,
    "image_filename": null
  },
  {
    "id": 5150,
    "catalog_file_id": 229,
    "produit": "Boudin noir boyaux",
    "description": "sous vide 240 gr env. 14,35/kg",
    "prix": 3.45,
    "unite": 1,
    "image_filename": null
  },
  {
    "id": 5151,
    "catalog_file_id": 229,
    "produit": "Filet mignon La ferme d'Arracq",
    "description": " Sous vide environ 600 G ",
    "prix": 10.7,
    "unite": 1,
    "image_filename": null
  },
  {
    "id": 5152,
    "catalog_file_id": 229,
    "produit": "Saucisse de Toulouse par 3 La Ferme d'Arracq",
    "description": "Sous vide environ 250 G ",
    "prix": 3.59,
    "unite": 1,
    "image_filename": null
  },
  {
    "id": 5153,
    "catalog_file_id": 229,
    "produit": "Cote de porc par 3 La ferme d'Arracq",
    "description": " Sous vide environ 600 G ",
    "prix": 7.63,
    "unite": 1,
    "image_filename": null
  },
  {
    "id": 5154,
    "catalog_file_id": 229,
    "produit": "Jambon de Bayonne en quart",
    "description": "Sous vide environ 1kg500",
    "prix": 39.12,
    "unite": 1,
    "image_filename": null
  },
  {
    "id": 5155,
    "catalog_file_id": 229,
    "produit": "Coppa tranchée",
    "description": "Sous vide 100g",
    "prix": 3.93,
    "unite": 1,
    "image_filename": null
  },
  {
    "id": 5156,
    "catalog_file_id": 229,
    "produit": "colis de porc bio prenium 5 KG",
    "description": "2X300 g d'araignée, 1kg200  côte de porc, 1kg200 filet mignon, 1 kg joue de porc, 1 kg rouelle",
    "prix": 95,
    "unite": 1,
    "image_filename": null
  },
  {
    "id": 5157,
    "catalog_file_id": 229,
    "produit": "Sauté ",
    "description": "Sous vide environ 500g",
    "prix": 6.38,
    "unite": 1,
    "image_filename": null
  },
  {
    "id": 5158,
    "catalog_file_id": 229,
    "produit": "Jambon de Bayonne tranché ",
    "description": "Sous vide environ 150 g",
    "prix": 5.67,
    "unite": 1,
    "image_filename": null
  },
  {
    "id": 5159,
    "catalog_file_id": 229,
    "produit": "Lomo séché tranché",
    "description": "Sous vide 100g",
    "prix": 3.93,
    "unite": 1,
    "image_filename": null
  },
  {
    "id": 5160,
    "catalog_file_id": 229,
    "produit": "Saucisson",
    "description": "190 g à 25,66 €/kg",
    "prix": 4.88,
    "unite": 1,
    "image_filename": null
  },
  {
    "id": 5161,
    "catalog_file_id": 229,
    "produit": "Boudin ",
    "description": "bocal 190 g ",
    "prix": 4.04,
    "unite": 1,
    "image_filename": null
  },
  {
    "id": 5162,
    "catalog_file_id": 229,
    "produit": "Pâté armagnac",
    "description": "bocal 190 g ",
    "prix": 4.15,
    "unite": 1,
    "image_filename": null
  },
  {
    "id": 5163,
    "catalog_file_id": 229,
    "produit": "Pâté de tête - Hure",
    "description": "bocal 190 g ",
    "prix": 4.15,
    "unite": 1,
    "image_filename": null
  },
  {
    "id": 5164,
    "catalog_file_id": 229,
    "produit": "Pâté campagne",
    "description": "bocal 190 g ",
    "prix": 4,
    "unite": 1,
    "image_filename": null
  },
  {
    "id": 5165,
    "catalog_file_id": 229,
    "produit": "Pâté piment",
    "description": "bocal 190 g ",
    "prix": 4.07,
    "unite": 1,
    "image_filename": null
  },
  {
    "id": 5166,
    "catalog_file_id": 229,
    "produit": "Rillettes",
    "description": "bocal 190 g ",
    "prix": 4.16,
    "unite": 1,
    "image_filename": null
  },
  {
    "id": 5167,
    "catalog_file_id": 229,
    "produit": "Chair à saucisse La ferme d'Arracq",
    "description": "Sous vide environ 500 G ",
    "prix": 5.95,
    "unite": 1,
    "image_filename": null
  },
  {
    "id": 5168,
    "catalog_file_id": 229,
    "produit": "Txitorra par 5 La ferme d'Arracq",
    "description": "sous vide environ 350 G ",
    "prix": 5.02,
    "unite": 1,
    "image_filename": null
  },
  {
    "id": 5169,
    "catalog_file_id": 229,
    "produit": "Poitrine de porc tranchée par 5 La Ferme d'Arracq",
    "description": "Sous vide environ 250 G ",
    "prix": 2.74,
    "unite": 1,
    "image_filename": null
  },
  {
    "id": 5170,
    "catalog_file_id": 229,
    "produit": "Coustou frais La ferme d'Arracq",
    "description": "Sous vide environ 500 G ",
    "prix": 3.82,
    "unite": 1,
    "image_filename": null
  },
  {
    "id": 5171,
    "catalog_file_id": 229,
    "produit": "Lardons frais La ferme d'Arracq",
    "description": " Sous vide environ 200 G ",
    "prix": 2.67,
    "unite": 1,
    "image_filename": null
  },
  {
    "id": 5172,
    "catalog_file_id": 229,
    "produit": "jambon blanc cuit  4 tranches La ferme d'Arracq",
    "description": "sous vide environ 200 G",
    "prix": 5.99,
    "unite": 1,
    "image_filename": null
  },
  {
    "id": 5173,
    "catalog_file_id": 229,
    "produit": "colis de porc  bio 10 KG",
    "description": "1KG  de chipolatas, poitrine tranchée, saucisses de Toulouse, chair à saucisse, coustou\r\n2X1KG de cotes de porc, 2X1KG sauté de porc,600 G de jarret, 2X200G lardons",
    "prix": 140,
    "unite": 1,
    "image_filename": null
  },
  {
    "id": 5174,
    "catalog_file_id": 229,
    "produit": "colis de porc frais",
    "description": "1 kg de chipolatas, côtes , poitrine tranchée, saucisses de Toulouse, sauté.",
    "prix": 70,
    "unite": 1,
    "image_filename": null
  },
  {
    "id": 5175,
    "catalog_file_id": 229,
    "produit": "joue",
    "description": "sous vide 250 gr   11,82/kg",
    "prix": 2.96,
    "unite": 1,
    "image_filename": null
  },
  {
    "id": 5176,
    "catalog_file_id": 229,
    "produit": "jarret",
    "description": "sous vide 1kg environ",
    "prix": 13.42,
    "unite": 1,
    "image_filename": null
  },
  {
    "id": 5177,
    "catalog_file_id": 229,
    "produit": "rouelle",
    "description": "sous vide 1kg env",
    "prix": 16.83,
    "unite": 1,
    "image_filename": null
  },
  {
    "id": 5178,
    "catalog_file_id": 230,
    "produit": "pommes  en 3 kg",
    "description": "sachet de 3kg ",
    "prix": 7.5,
    "unite": 1,
    "image_filename": null
  },
  {
    "id": 5179,
    "catalog_file_id": 230,
    "produit": "pommes en 6 kg",
    "description": "sachet de 6kg ",
    "prix": 15,
    "unite": 1,
    "image_filename": null
  },
  {
    "id": 5180,
    "catalog_file_id": 230,
    "produit": "Pommes 2ème choix en 10 kg",
    "description": "cageot de10 kg",
    "prix": 16,
    "unite": 1,
    "image_filename": null
  },
  {
    "id": 5182,
    "catalog_file_id": 224,
    "produit": "Panettone 550gr",
    "description": "",
    "prix": 14,
    "unite": 1,
    "image_filename": null
  },
  {
    "id": 5183,
    "catalog_file_id": 224,
    "produit": "Panettone 1 kg",
    "description": "",
    "prix": 25,
    "unite": 1,
    "image_filename": null
  },
  {
    "id": 5184,
    "catalog_file_id": 224,
    "produit": "Pain d’épices 520 gr",
    "description": "",
    "prix": 9.9,
    "unite": 1,
    "image_filename": null
  },
  {
    "id": 5185,
    "catalog_file_id": 232,
    "produit": "Pain de Campagne Miche 2000 g",
    "description": "Gros pain de 2 kg, très longue cuisson.  ingrédients : Farine de Blé T80, levain de Seigle T170, eau, sel",
    "prix": 4.43,
    "unite": 1,
    "image_filename": null
  },
  {
    "id": 5186,
    "catalog_file_id": 232,
    "produit": "Pain aux graines Grand Moulé 1300g",
    "description": "Pain aux graines oléagineuses sur base de pain de campagne.  ingrédients : Farine de Blé T80, levain de Seigle T170, lin brun, lin doré, tournesol, sésame, pavot, eau, sel",
    "prix": 5.05,
    "unite": 1,
    "image_filename": null
  },
  {
    "id": 5187,
    "catalog_file_id": 232,
    "produit": "Pain Généreux Grand Moulé 1300g",
    "description": "Pain aux fruits sec et fruits à coque, enveloppé dans des flocons d'avoine. ingrédients : Farine de Blé T80, levain de Seigle T170, Noisettes, Abricots, raisins de corinthe, flocons d'avoines, graines de courge, eau, sel",
    "prix": 6.7,
    "unite": 1,
    "image_filename": null
  },
  {
    "id": 5188,
    "catalog_file_id": 232,
    "produit": "Pain de Campagne Moule Fermé 1500 g",
    "description": "Pain de Campagne cuit en moule fermé.\r\nIl a une forme parfaitement rectangulaire, et très peu de croûte ingrédients : Farine de Blé T80, levain de Seigle T170, eau, sel",
    "prix": 4.43,
    "unite": 1,
    "image_filename": null
  },
  {
    "id": 5189,
    "catalog_file_id": 232,
    "produit": "Pain de Méteil en Boule 1000 g",
    "description": "Pain rustique mi blé mi seigle au levain de seigle ingrédients : Farine de Blé T80\r\nFarine de Seigle T70\r\neau, sel, levain de seigle",
    "prix": 4.91,
    "unite": 1,
    "image_filename": null
  },
  {
    "id": 5190,
    "catalog_file_id": 232,
    "produit": "Brioche 450 g",
    "description": "Brioche au beurre Isigny Sainte Mère AOP et aux oeufs. Pas de lait ni d'eau. ingrédients : Farine de Blé T65, Levain de laitOeufs entiers, beurre Isigny St Mère, sucre de canne, sel, levure ",
    "prix": 6.18,
    "unite": 1,
    "image_filename": null
  },
  {
    "id": 5191,
    "catalog_file_id": 232,
    "produit": "Brioche 900 g",
    "description": "Brioche au beurre Isigny Sainte Mère AOP et aux oeufs. Pas de lait ni d'eau. ingrédients : Farine de Blé T65, \r\nLevain de lait\r\nOeufs entiers, beurre Isigny St Mère, \r\nsucre de canne, sel, levure ",
    "prix": 12.55,
    "unite": 1,
    "image_filename": null
  },
  {
    "id": 5192,
    "catalog_file_id": 232,
    "produit": "Roulé Cannelle 100 g",
    "description": "Sur une base de pain au lait, incorporation d'un beurre cannelle, puis tressage. ingrédients : Farine de Blé T65, lait, oeuf, beurre, sucre, sel, cannelle, levure",
    "prix": 1.69,
    "unite": 1,
    "image_filename": null
  },
  {
    "id": 5193,
    "catalog_file_id": 232,
    "produit": "Brioche Provençale \"Pompe à l'huile\"",
    "description": "Brioche sans beurre ni œuf, dessert traditionnel du diner des apôtres,\r\nNaturellement Vegan ingrédients : Farine de Blé T65\r\nLevain de Blé\r\nEau, sel, levure\r\nHuile d'Olive",
    "prix": 1.58,
    "unite": 1,
    "image_filename": null
  },
  {
    "id": 5194,
    "catalog_file_id": 232,
    "produit": "Cookies Noix-Noisettes-Chocolat",
    "description": "Cookies de 70 g\r\nGénéreusement garni de Noix, Noisettes et Chocolat ingrédients : Farine de Blé T65,\r\nOeufs entier, Beurre Isisgny Ste Mère, Sucre de Canne, \r\nNoix, Noisettes, Chocolat noir 66%\r\nsel, poudre levante",
    "prix": 1,
    "unite": 1,
    "image_filename": null
  },
  {
    "id": 5195,
    "catalog_file_id": 232,
    "produit": "Canistrellis",
    "description": "Biscuits de tradition Corse, à l'anis, huile d'olive et vin blanc ingrédients : Farine de Blé T65,\r\nhuile d'olive, vin blanc, sucre, sel, graines d'anis, poudre levante",
    "prix": 15.56,
    "unite": 1,
    "image_filename": null
  },
  {
    "id": 5196,
    "catalog_file_id": 232,
    "produit": "Brownie",
    "description": "Brownie aux Noix et chocolat noir 66% ingrédients : Farine de Blé T65\r\n Beurre Isigny St Mère, Œuf entier, sucre, noix, sel, poudre levante",
    "prix": 2.69,
    "unite": 1,
    "image_filename": null
  },
  {
    "id": 5197,
    "catalog_file_id": 232,
    "produit": "Pain Complet Banneton 1000 g",
    "description": "Pain complet riche en fibres et minéraux, sans acide phytique grâce à la longue fermentation au levain. ingrédients : Pain complet riche en fibres et minéraux, sans acide phytique grâce à la longue fermentation au levain.",
    "prix": 4.59,
    "unite": 1,
    "image_filename": null
  },
  {
    "id": 5198,
    "catalog_file_id": 232,
    "produit": "Pain au Maïs en petit moules 500 g",
    "description": "Farine de Maïs Ancien Grand Roux Basque\r\nBlé et Graines de tournesol ingrédients : Farine de Maïs\r\nFarine de Blé T65\r\nLevain de Blé, eau, sel\r\nGraines de tournesol\r\nCurcuma",
    "prix": 3.69,
    "unite": 1,
    "image_filename": null
  },
  {
    "id": 5199,
    "catalog_file_id": 232,
    "produit": "Pain complet Grand Moulé 1300g",
    "description": "Pain complet riche en fibres et minéraux, sans acide phytique grâce à la longue fermentation au levain. ingrédients : Farine de Blé T80, Rémoulage, son fin,  levain de Seigle T170, eau, sel",
    "prix": 4.59,
    "unite": 1,
    "image_filename": null
  },
  {
    "id": 5200,
    "catalog_file_id": 232,
    "produit": "Pain Intégral Grand Moulé 1300 g",
    "description": "Pain au levain de seigle, réalisé avec l'intégralité du grain de blé.  Très riche en fibres et minéraux ingrédients : Farine de Blé T80, Rémoulage, son gros, son fin,  levain de Seigle T170, eau, sel",
    "prix": 4.59,
    "unite": 1,
    "image_filename": null
  },
  {
    "id": 5201,
    "catalog_file_id": 232,
    "produit": "Pain aux Noix Grand Moulé 1300 g",
    "description": "Un pain aux noix concassées et réhydratées, sur la base du pain de Campagne.  ingrédients : Farine de Blé T80, levain de Seigle T170, Noix, eau, sel",
    "prix": 8.23,
    "unite": 1,
    "image_filename": null
  },
  {
    "id": 5202,
    "catalog_file_id": 232,
    "produit": "Pain aux graines Banneton 1000g",
    "description": "Pain façonné en banneton osier et cuit à même sur la sole du four. Une croûte profonde et mie ouverte. ingrédients : Farine de Blé T80, levain de Seigle T170, lin brun, lin doré, tournesol, sésame, pavot, eau, sel",
    "prix": 5.05,
    "unite": 1,
    "image_filename": null
  },
  {
    "id": 5203,
    "catalog_file_id": 232,
    "produit": "Pain aux graines Miche 2000 g",
    "description": "Gros pain de 2 kg, très longue cuisson.  ingrédients : Farine de Blé T80, levain de Seigle T170, lin brun, lin doré, tournesol, sésame, pavot, eau, sel",
    "prix": 5.05,
    "unite": 1,
    "image_filename": null
  },
  {
    "id": 5204,
    "catalog_file_id": 232,
    "produit": "Pain de Riz et Sorgho aux graines en petit moule 500 g",
    "description": "Base du pain de riz et Sorgho, \r\nMélange de graines oléagineuses\r\n ingrédients : Farine de Riz\r\nfarine de sorgho\r\neau, sel, levain, huile d'olive\r\n\r\nLin brun, lin doré, pavot, sésame, tournesol.",
    "prix": 4.91,
    "unite": 1,
    "image_filename": null
  },
  {
    "id": 5205,
    "catalog_file_id": 232,
    "produit": "Pain de Riz et Sorgho petit moule 500 g",
    "description": "Farines de Riz et de Sorgho, naturellement sans gluten, Huile d'olive. ingrédients : Farine de Riz\r\nFarine de Sorgho\r\nEau, sel, huile d'olive, levain et levure",
    "prix": 4.59,
    "unite": 1,
    "image_filename": null
  },
  {
    "id": 5206,
    "catalog_file_id": 232,
    "produit": "Cake au citron",
    "description": "Pour les amoureux du citron !\r\nZest de citron, jus de citron, citron confit, sirop de citron. ingrédients : Farine de Blé T65,\r\nCitron jaune\r\nSucre de canne, Œuf entier, beurre Isigny Ste Mère, amidon de Maïs, sel ",
    "prix": 7.91,
    "unite": 1,
    "image_filename": null
  },
  {
    "id": 5207,
    "catalog_file_id": 232,
    "produit": "Pain de Campagne Grand Moulé 1300g",
    "description": "Pain de Campagne cuit en moule rectangulaire. ingrédients : Farine de Blé T80, levain de Seigle T170, eau, sel",
    "prix": 4.43,
    "unite": 1,
    "image_filename": null
  },
  {
    "id": 5208,
    "catalog_file_id": 232,
    "produit": "Pain de Campagne Banneton 1000 g",
    "description": "Pain façonné en banneton osier et cuit à même sur la sole du four. Une croûte profonde et mie ouverte. ingrédients : Farine de Blé T80, levain de Seigle T170, eau, sel",
    "prix": 4.43,
    "unite": 1,
    "image_filename": null
  },
  {
    "id": 5209,
    "catalog_file_id": 232,
    "produit": "Pain de Campagne Grand Moulé 1500g",
    "description": "Pain de Campagne cuit en moule rectangulaire. ingrédients : Farine de Blé T80, levain de Seigle T170, eau, sel",
    "prix": 4.43,
    "unite": 1,
    "image_filename": null
  },
  {
    "id": 5210,
    "catalog_file_id": 232,
    "produit": "Sechskornbröt Petit moulé 500 g",
    "description": "Farine de Seigle Complet Blé semi complet Levain de seigle Sel et eau Tournesol, flocon d'avoine, lin brun, lin doré, graines de courge",
    "prix": 2.95,
    "unite": 1,
    "image_filename": null
  },
  {
    "id": 5211,
    "catalog_file_id": 232,
    "produit": "Petit Epeautre petit moule 500 g",
    "description": "Pain à la farine de Petit épeautre complet (engrain), et au levain de petit épeautre complet.\r\nTerroir AOP des Alpes de Haute Provence\r\nTrès riche en protéine et pauvre en gluten. ingrédients : Farine de Petit Epeautre complet\r\nlevain de Petit Epeautre, \r\neau, sel",
    "prix": 3.8,
    "unite": 1,
    "image_filename": null
  },
  {
    "id": 5212,
    "catalog_file_id": 232,
    "produit": "Petit Epeautre Grand  moule 1300 g",
    "description": "Pain à la farine de Petit épeautre complet (engrain), et au levain de petit épeautre complet.\r\nTerroir AOP des Alpes de Haute Provence\r\nTrès riche en protéine et pauvre en gluten. ingrédients : Farine de Petit Epeautre complet\r\nlevain de Petit Epeautre, \r\neau, sel",
    "prix": 8.02,
    "unite": 1,
    "image_filename": null
  },
  {
    "id": 5213,
    "catalog_file_id": 232,
    "produit": "Pain de Khorasan en boule de 800 g",
    "description": "Farine de Blé dur ancien de variété Khorasan.  ingrédients : Farine de Khorasan \r\nLevain de Khorasan\r\neau, sel",
    "prix": 6.27,
    "unite": 1,
    "image_filename": null
  },
  {
    "id": 5214,
    "catalog_file_id": 232,
    "produit": "Panettone 550gr",
    "description": "",
    "prix": 14,
    "unite": 1,
    "image_filename": null
  },
  {
    "id": 5215,
    "catalog_file_id": 232,
    "produit": "Panettone 1 kg",
    "description": "",
    "prix": 25,
    "unite": 1,
    "image_filename": null
  },
  {
    "id": 5216,
    "catalog_file_id": 232,
    "produit": "Pain d’épices 520 gr",
    "description": "",
    "prix": 9.9,
    "unite": 1,
    "image_filename": null
  },
  {
    "id": 5217,
    "catalog_file_id": 233,
    "produit": "12 Steak haché surgelé",
    "description": "12 SH à 22 LE KG",
    "prix": 33,
    "unite": 1,
    "image_filename": null
  },
  {
    "id": 5218,
    "catalog_file_id": 233,
    "produit": "colis boeuf",
    "description": "colis 6,500 à 7KG environ prix 22 € / KG  \r\n- partie fixe (entrecôte, faux filet, rôti, rumsteak )\r\n- partie au choix 3 KG  à préciser  ( bourguignon ou/et jarret ou/et merguez ou/et steaks hachés surgelés)",
    "prix": 150,
    "unite": 1,
    "image_filename": null
  },
  {
    "id": 5219,
    "catalog_file_id": 233,
    "produit": "Colis de veau",
    "description": "colis environ 5,500 KG prix 20,30 € / kg\r\nrôti, côtes filets, côtes découvertes, escalopes, poitrine, sauté, saucisse pur veau",
    "prix": 110,
    "unite": 1,
    "image_filename": null
  },
  {
    "id": 5220,
    "catalog_file_id": 233,
    "produit": "axoa de veau au piment d'Espelette",
    "description": "bocal de 750 g",
    "prix": 15,
    "unite": 1,
    "image_filename": null
  },
  {
    "id": 5221,
    "catalog_file_id": 233,
    "produit": "daube de boeuf",
    "description": "bocal de 750 g",
    "prix": 15,
    "unite": 1,
    "image_filename": null
  },
  {
    "id": 5222,
    "catalog_file_id": 233,
    "produit": "blanquette de veau",
    "description": "bocal de 750 g",
    "prix": 15,
    "unite": 1,
    "image_filename": null
  },
  {
    "id": 5223,
    "catalog_file_id": 234,
    "produit": "Pain de Campagne Miche 2000 g",
    "description": "Gros pain de 2 kg, très longue cuisson.  ingrédients : Farine de Blé T80, levain de Seigle T170, eau, sel",
    "prix": 4.43,
    "unite": 1,
    "image_filename": null
  },
  {
    "id": 5224,
    "catalog_file_id": 234,
    "produit": "Brioche 450 g",
    "description": "Brioche au beurre Isigny Sainte Mère AOP et aux oeufs. Pas de lait ni d'eau. ingrédients : Farine de Blé T65, Levain de laitOeufs entiers, beurre Isigny St Mère, sucre de canne, sel, levure ",
    "prix": 6.18,
    "unite": 1,
    "image_filename": null
  },
  {
    "id": 5225,
    "catalog_file_id": 234,
    "produit": "Brioche 900 g",
    "description": "Brioche au beurre Isigny Sainte Mère AOP et aux oeufs. Pas de lait ni d'eau. ingrédients : Farine de Blé T65, \r\nLevain de lait\r\nOeufs entiers, beurre Isigny St Mère, \r\nsucre de canne, sel, levure ",
    "prix": 12.55,
    "unite": 1,
    "image_filename": null
  },
  {
    "id": 5226,
    "catalog_file_id": 234,
    "produit": "Roulé Cannelle 100 g",
    "description": "Sur une base de pain au lait, incorporation d'un beurre cannelle, puis tressage. ingrédients : Farine de Blé T65, lait, oeuf, beurre, sucre, sel, cannelle, levure",
    "prix": 1.69,
    "unite": 1,
    "image_filename": null
  },
  {
    "id": 5227,
    "catalog_file_id": 234,
    "produit": "Pain de Méteil en Boule 1000 g",
    "description": "Pain rustique mi blé mi seigle au levain de seigle ingrédients : Farine de Blé T80\r\nFarine de Seigle T70\r\neau, sel, levain de seigle",
    "prix": 4.91,
    "unite": 1,
    "image_filename": null
  },
  {
    "id": 5228,
    "catalog_file_id": 234,
    "produit": "Pain Complet Banneton 1000 g",
    "description": "Pain complet riche en fibres et minéraux, sans acide phytique grâce à la longue fermentation au levain. ingrédients : Pain complet riche en fibres et minéraux, sans acide phytique grâce à la longue fermentation au levain.",
    "prix": 4.59,
    "unite": 1,
    "image_filename": null
  },
  {
    "id": 5229,
    "catalog_file_id": 234,
    "produit": "Pain au Maïs en petit moules 500 g",
    "description": "Farine de Maïs Ancien Grand Roux Basque\r\nBlé et Graines de tournesol ingrédients : Farine de Maïs\r\nFarine de Blé T65\r\nLevain de Blé, eau, sel\r\nGraines de tournesol\r\nCurcuma",
    "prix": 3.69,
    "unite": 1,
    "image_filename": null
  },
  {
    "id": 5230,
    "catalog_file_id": 234,
    "produit": "Pain complet Grand Moulé 1300g",
    "description": "Pain complet riche en fibres et minéraux, sans acide phytique grâce à la longue fermentation au levain. ingrédients : Farine de Blé T80, Rémoulage, son fin,  levain de Seigle T170, eau, sel",
    "prix": 4.59,
    "unite": 1,
    "image_filename": null
  },
  {
    "id": 5231,
    "catalog_file_id": 234,
    "produit": "Pain aux Noix Grand Moulé 1300 g",
    "description": "Un pain aux noix concassées et réhydratées, sur la base du pain de Campagne.  ingrédients : Farine de Blé T80, levain de Seigle T170, Noix, eau, sel",
    "prix": 8.23,
    "unite": 1,
    "image_filename": null
  },
  {
    "id": 5232,
    "catalog_file_id": 234,
    "produit": "Pain aux graines Banneton 1000g",
    "description": "Pain façonné en banneton osier et cuit à même sur la sole du four. Une croûte profonde et mie ouverte. ingrédients : Farine de Blé T80, levain de Seigle T170, lin brun, lin doré, tournesol, sésame, pavot, eau, sel",
    "prix": 5.05,
    "unite": 1,
    "image_filename": null
  },
  {
    "id": 5233,
    "catalog_file_id": 234,
    "produit": "Pain aux graines Grand Moulé 1300g",
    "description": "Pain aux graines oléagineuses sur base de pain de campagne.  ingrédients : Farine de Blé T80, levain de Seigle T170, lin brun, lin doré, tournesol, sésame, pavot, eau, sel",
    "prix": 5.05,
    "unite": 1,
    "image_filename": null
  },
  {
    "id": 5234,
    "catalog_file_id": 234,
    "produit": "Pain Généreux Grand Moulé 1300g",
    "description": "Pain aux fruits sec et fruits à coque, enveloppé dans des flocons d'avoine. ingrédients : Farine de Blé T80, levain de Seigle T170, Noisettes, Abricots, raisins de corinthe, flocons d'avoines, graines de courge, eau, sel",
    "prix": 6.7,
    "unite": 1,
    "image_filename": null
  },
  {
    "id": 5235,
    "catalog_file_id": 234,
    "produit": "Pain de Campagne Moule Fermé 1500 g",
    "description": "Pain de Campagne cuit en moule fermé.\r\nIl a une forme parfaitement rectangulaire, et très peu de croûte ingrédients : Farine de Blé T80, levain de Seigle T170, eau, sel",
    "prix": 4.43,
    "unite": 1,
    "image_filename": null
  },
  {
    "id": 5236,
    "catalog_file_id": 234,
    "produit": "Pain aux graines Miche 2000 g",
    "description": "Gros pain de 2 kg, très longue cuisson.  ingrédients : Farine de Blé T80, levain de Seigle T170, lin brun, lin doré, tournesol, sésame, pavot, eau, sel",
    "prix": 5.05,
    "unite": 1,
    "image_filename": null
  },
  {
    "id": 5238,
    "catalog_file_id": 234,
    "produit": "Pain de Riz et Sorgho petit moule 500 g",
    "description": "Farines de Riz et de Sorgho, naturellement sans gluten, Huile d'olive. ingrédients : Farine de Riz\r\nFarine de Sorgho\r\nEau, sel, huile d'olive, levain et levure",
    "prix": 4.59,
    "unite": 1,
    "image_filename": null
  },
  {
    "id": 5239,
    "catalog_file_id": 234,
    "produit": "Brioche Provençale \"Pompe à l'huile\"",
    "description": "Brioche sans beurre ni œuf, dessert traditionnel du diner des apôtres,\r\nNaturellement Vegan ingrédients : Farine de Blé T65\r\nLevain de Blé\r\nEau, sel, levure\r\nHuile d'Olive",
    "prix": 1.58,
    "unite": 1,
    "image_filename": null
  },
  {
    "id": 5240,
    "catalog_file_id": 234,
    "produit": "Cookies Noix-Noisettes-Chocolat",
    "description": "Cookies de 70 g\r\nGénéreusement garni de Noix, Noisettes et Chocolat ingrédients : Farine de Blé T65,\r\nOeufs entier, Beurre Isisgny Ste Mère, Sucre de Canne, \r\nNoix, Noisettes, Chocolat noir 66%\r\nsel, poudre levante",
    "prix": 1,
    "unite": 1,
    "image_filename": null
  },
  {
    "id": 5241,
    "catalog_file_id": 234,
    "produit": "Canistrellis",
    "description": "Biscuits de tradition Corse, à l'anis, huile d'olive et vin blanc ingrédients : Farine de Blé T65,\r\nhuile d'olive, vin blanc, sucre, sel, graines d'anis, poudre levante",
    "prix": 15.56,
    "unite": 1,
    "image_filename": null
  },
  {
    "id": 5242,
    "catalog_file_id": 234,
    "produit": "Brownie",
    "description": "Brownie aux Noix et chocolat noir 66% ingrédients : Farine de Blé T65\r\n Beurre Isigny St Mère, Œuf entier, sucre, noix, sel, poudre levante",
    "prix": 2.69,
    "unite": 1,
    "image_filename": null
  },
  {
    "id": 5243,
    "catalog_file_id": 234,
    "produit": "Pain de Campagne Grand Moulé 1300g",
    "description": "Pain de Campagne cuit en moule rectangulaire. ingrédients : Farine de Blé T80, levain de Seigle T170, eau, sel",
    "prix": 4.43,
    "unite": 1,
    "image_filename": null
  },
  {
    "id": 5244,
    "catalog_file_id": 234,
    "produit": "Pain de Campagne Banneton 1000 g",
    "description": "Pain façonné en banneton osier et cuit à même sur la sole du four. Une croûte profonde et mie ouverte. ingrédients : Farine de Blé T80, levain de Seigle T170, eau, sel",
    "prix": 4.43,
    "unite": 1,
    "image_filename": null
  },
  {
    "id": 5245,
    "catalog_file_id": 234,
    "produit": "Cake au citron",
    "description": "Pour les amoureux du citron !\r\nZest de citron, jus de citron, citron confit, sirop de citron. ingrédients : Farine de Blé T65,\r\nCitron jaune\r\nSucre de canne, Œuf entier, beurre Isigny Ste Mère, amidon de Maïs, sel ",
    "prix": 7.91,
    "unite": 1,
    "image_filename": null
  },
  {
    "id": 5246,
    "catalog_file_id": 234,
    "produit": "Pain de Campagne Grand Moulé 1500g",
    "description": "Pain de Campagne cuit en moule rectangulaire. ingrédients : Farine de Blé T80, levain de Seigle T170, eau, sel",
    "prix": 4.43,
    "unite": 1,
    "image_filename": null
  },
  {
    "id": 5247,
    "catalog_file_id": 234,
    "produit": "Sechskornbröt Petit moulé 500 g",
    "description": "Farine de Seigle Complet Blé semi complet Levain de seigle Sel et eau Tournesol, flocon d'avoine, lin brun, lin doré, graines de courge",
    "prix": 2.95,
    "unite": 1,
    "image_filename": null
  },
  {
    "id": 5249,
    "catalog_file_id": 234,
    "produit": "Petit Epeautre petit moule 500 g",
    "description": "Pain à la farine de Petit épeautre complet (engrain), et au levain de petit épeautre complet.\r\nTerroir AOP des Alpes de Haute Provence\r\nTrès riche en protéine et pauvre en gluten. ingrédients : Farine de Petit Epeautre complet\r\nlevain de Petit Epeautre, \r\neau, sel",
    "prix": 3.8,
    "unite": 1,
    "image_filename": null
  },
  {
    "id": 5251,
    "catalog_file_id": 234,
    "produit": "Petit Epeautre Grand  moule 1300 g",
    "description": "Pain à la farine de Petit épeautre complet (engrain), et au levain de petit épeautre complet.\r\nTerroir AOP des Alpes de Haute Provence\r\nTrès riche en protéine et pauvre en gluten. ingrédients : Farine de Petit Epeautre complet\r\nlevain de Petit Epeautre, \r\neau, sel",
    "prix": 8.02,
    "unite": 1,
    "image_filename": null
  },
  {
    "id": 5253,
    "catalog_file_id": 234,
    "produit": "Pain de Khorasan en boule de 800 g",
    "description": "Farine de Blé dur ancien de variété Khorasan.  ingrédients : Farine de Khorasan \r\nLevain de Khorasan\r\neau, sel",
    "prix": 6.27,
    "unite": 1,
    "image_filename": null
  },
  {
    "id": 5254,
    "catalog_file_id": 234,
    "produit": "Pain Intégral Grand Moulé 1300 g",
    "description": "Pain au levain de seigle, réalisé avec l'intégralité du grain de blé.  Très riche en fibres et minéraux ingrédients : Farine de Blé T80, Rémoulage, son gros, son fin,  levain de Seigle T170, eau, sel",
    "prix": 4.59,
    "unite": 1,
    "image_filename": null
  },
  {
    "id": 5255,
    "catalog_file_id": 234,
    "produit": "Pain de Riz et Sorgho aux graines en petit moule 500 g",
    "description": "Base du pain de riz et Sorgho, \r\nMélange de graines oléagineuses\r\n ingrédients : Farine de Riz\r\nfarine de sorgho\r\neau, sel, levain, huile d'olive\r\n\r\nLin brun, lin doré, pavot, sésame, tournesol.",
    "prix": 4.91,
    "unite": 1,
    "image_filename": null
  },
  {
    "id": 5256,
    "catalog_file_id": 235,
    "produit": "Pain de Campagne Miche 2000 g",
    "description": "Gros pain de 2 kg, très longue cuisson.  ingrédients : Farine de Blé T80, levain de Seigle T170, eau, sel",
    "prix": 4.43,
    "unite": 1,
    "image_filename": null
  },
  {
    "id": 5257,
    "catalog_file_id": 235,
    "produit": "Pain aux graines Miche 2000 g",
    "description": "Gros pain de 2 kg, très longue cuisson.  ingrédients : Farine de Blé T80, levain de Seigle T170, lin brun, lin doré, tournesol, sésame, pavot, eau, sel",
    "prix": 5.05,
    "unite": 1,
    "image_filename": null
  },
  {
    "id": 5258,
    "catalog_file_id": 235,
    "produit": "Petit Epeautre petit moule 500 g",
    "description": "Pain à la farine de Petit épeautre complet (engrain), et au levain de petit épeautre complet.\r\nTerroir AOP des Alpes de Haute Provence\r\nTrès riche en protéine et pauvre en gluten. ingrédients : Farine de Petit Epeautre complet\r\nlevain de Petit Epeautre, \r\neau, sel",
    "prix": 3.8,
    "unite": 1,
    "image_filename": null
  },
  {
    "id": 5259,
    "catalog_file_id": 235,
    "produit": "Pain de Campagne Moule Fermé 1500 g",
    "description": "Pain de Campagne cuit en moule fermé.\r\nIl a une forme parfaitement rectangulaire, et très peu de croûte ingrédients : Farine de Blé T80, levain de Seigle T170, eau, sel",
    "prix": 4.43,
    "unite": 1,
    "image_filename": null
  },
  {
    "id": 5260,
    "catalog_file_id": 235,
    "produit": "Pain de Riz et Sorgho petit moule 500 g",
    "description": "Farines de Riz et de Sorgho, naturellement sans gluten, Huile d'olive. ingrédients : Farine de Riz\r\nFarine de Sorgho\r\nEau, sel, huile d'olive, levain et levure",
    "prix": 4.59,
    "unite": 1,
    "image_filename": null
  },
  {
    "id": 5261,
    "catalog_file_id": 235,
    "produit": "Pain aux graines Banneton 1000g",
    "description": "Pain façonné en banneton osier et cuit à même sur la sole du four. Une croûte profonde et mie ouverte. ingrédients : Farine de Blé T80, levain de Seigle T170, lin brun, lin doré, tournesol, sésame, pavot, eau, sel",
    "prix": 5.05,
    "unite": 1,
    "image_filename": null
  },
  {
    "id": 5262,
    "catalog_file_id": 235,
    "produit": "Pain Généreux Grand Moulé 1300g",
    "description": "Pain aux fruits sec et fruits à coque, enveloppé dans des flocons d'avoine. ingrédients : Farine de Blé T80, levain de Seigle T170, Noisettes, Abricots, raisins de corinthe, flocons d'avoines, graines de courge, eau, sel",
    "prix": 6.7,
    "unite": 1,
    "image_filename": null
  },
  {
    "id": 5263,
    "catalog_file_id": 235,
    "produit": "Petit Epeautre Grand  moule 1300 g",
    "description": "Pain à la farine de Petit épeautre complet (engrain), et au levain de petit épeautre complet.\r\nTerroir AOP des Alpes de Haute Provence\r\nTrès riche en protéine et pauvre en gluten. ingrédients : Farine de Petit Epeautre complet\r\nlevain de Petit Epeautre, \r\neau, sel",
    "prix": 8.02,
    "unite": 1,
    "image_filename": null
  },
  {
    "id": 5264,
    "catalog_file_id": 235,
    "produit": "Pain Complet Banneton 1000 g",
    "description": "Pain complet riche en fibres et minéraux, sans acide phytique grâce à la longue fermentation au levain. ingrédients : Pain complet riche en fibres et minéraux, sans acide phytique grâce à la longue fermentation au levain.",
    "prix": 4.59,
    "unite": 1,
    "image_filename": null
  },
  {
    "id": 5265,
    "catalog_file_id": 235,
    "produit": "Pain complet Grand Moulé 1300g",
    "description": "Pain complet riche en fibres et minéraux, sans acide phytique grâce à la longue fermentation au levain. ingrédients : Farine de Blé T80, Rémoulage, son fin,  levain de Seigle T170, eau, sel",
    "prix": 4.59,
    "unite": 1,
    "image_filename": null
  },
  {
    "id": 5266,
    "catalog_file_id": 235,
    "produit": "Pain au Maïs en petit moules 500 g",
    "description": "Farine de Maïs Ancien Grand Roux Basque\r\nBlé et Graines de tournesol ingrédients : Farine de Maïs\r\nFarine de Blé T65\r\nLevain de Blé, eau, sel\r\nGraines de tournesol\r\nCurcuma",
    "prix": 3.69,
    "unite": 1,
    "image_filename": null
  },
  {
    "id": 5267,
    "catalog_file_id": 235,
    "produit": "Pain Intégral Grand Moulé 1300 g",
    "description": "Pain au levain de seigle, réalisé avec l'intégralité du grain de blé.  Très riche en fibres et minéraux ingrédients : Farine de Blé T80, Rémoulage, son gros, son fin,  levain de Seigle T170, eau, sel",
    "prix": 4.59,
    "unite": 1,
    "image_filename": null
  },
  {
    "id": 5268,
    "catalog_file_id": 235,
    "produit": "Pain aux Noix Grand Moulé 1300 g",
    "description": "Un pain aux noix concassées et réhydratées, sur la base du pain de Campagne.  ingrédients : Farine de Blé T80, levain de Seigle T170, Noix, eau, sel",
    "prix": 8.23,
    "unite": 1,
    "image_filename": null
  },
  {
    "id": 5269,
    "catalog_file_id": 235,
    "produit": "Brioche 900 g",
    "description": "Brioche au beurre Isigny Sainte Mère AOP et aux oeufs. Pas de lait ni d'eau. ingrédients : Farine de Blé T65, \r\nLevain de lait\r\nOeufs entiers, beurre Isigny St Mère, \r\nsucre de canne, sel, levure ",
    "prix": 12.55,
    "unite": 1,
    "image_filename": null
  },
  {
    "id": 5270,
    "catalog_file_id": 235,
    "produit": "Brioche 450 g",
    "description": "Brioche au beurre Isigny Sainte Mère AOP et aux oeufs. Pas de lait ni d'eau. ingrédients : Farine de Blé T65, Levain de laitOeufs entiers, beurre Isigny St Mère, sucre de canne, sel, levure ",
    "prix": 6.18,
    "unite": 1,
    "image_filename": null
  },
  {
    "id": 5271,
    "catalog_file_id": 235,
    "produit": "Brioche Provençale \"Pompe à l'huile\"",
    "description": "Brioche sans beurre ni œuf, dessert traditionnel du diner des apôtres,\r\nNaturellement Vegan ingrédients : Farine de Blé T65\r\nLevain de Blé\r\nEau, sel, levure\r\nHuile d'Olive",
    "prix": 1.58,
    "unite": 1,
    "image_filename": null
  },
  {
    "id": 5272,
    "catalog_file_id": 235,
    "produit": "Shokupan 500 g",
    "description": "Pain de Mie de tradition Japonaise réalisée sur 3 pâtes et au levain de Panettone. \r\nConservation exceptionnelle de 10 jours sous film.\r\n10cm x 10cm x 19 cm ingrédients : Farine de Blé T55,\r\nLevain de Panettone\r\nLait, eau, sucre de canne, beurre isigny sainte mère,\r\nsel",
    "prix": 4.85,
    "unite": 1,
    "image_filename": null
  },
  {
    "id": 5273,
    "catalog_file_id": 235,
    "produit": "Pain de Riz et Sorgho aux graines en petit moule 500 g",
    "description": "Base du pain de riz et Sorgho, \r\nMélange de graines oléagineuses\r\n ingrédients : Farine de Riz\r\nfarine de sorgho\r\neau, sel, levain, huile d'olive\r\n\r\nLin brun, lin doré, pavot, sésame, tournesol.",
    "prix": 4.91,
    "unite": 1,
    "image_filename": null
  },
  {
    "id": 5274,
    "catalog_file_id": 235,
    "produit": "Roulé Cannelle 100 g",
    "description": "Sur une base de pain au lait, incorporation d'un beurre cannelle, puis tressage. ingrédients : Farine de Blé T65, lait, oeuf, beurre, sucre, sel, cannelle, levure",
    "prix": 1.69,
    "unite": 1,
    "image_filename": null
  },
  {
    "id": 5275,
    "catalog_file_id": 235,
    "produit": "Shokupan 1400 g",
    "description": "Pain de Mie de tradition Japonaise réalisée sur 3 pâtes et au levain de Panettone. \r\nConservation exceptionnelle de 10 jours sous film.\r\n11cm x 11cm x 36 cm ingrédients : Farine de Blé T55,\r\nLevain de Panettone\r\nLait, eau, sucre de canne, beurre isigny sainte mère,\r\nsel",
    "prix": 11.92,
    "unite": 1,
    "image_filename": null
  },
  {
    "id": 5276,
    "catalog_file_id": 235,
    "produit": "Crackers",
    "description": "Crackers au levain de seigle et graines oléagineuses, huile d'olive, origan ingrédients : Farine de Blé T80\r\nFarine de Seigle T170\r\neau, sel, Lin Brun, Lin doré, Pavot, Sésame , Tournesol, Huile d'Olive, Origan",
    "prix": 15.09,
    "unite": 1,
    "image_filename": null
  },
  {
    "id": 5277,
    "catalog_file_id": 235,
    "produit": "Cookies Noix-Noisettes-Chocolat",
    "description": "Cookies de 70 g\r\nGénéreusement garni de Noix, Noisettes et Chocolat ingrédients : Farine de Blé T65,\r\nOeufs entier, Beurre Isisgny Ste Mère, Sucre de Canne, \r\nNoix, Noisettes, Chocolat noir 66%\r\nsel, poudre levante",
    "prix": 1,
    "unite": 1,
    "image_filename": null
  },
  {
    "id": 5278,
    "catalog_file_id": 235,
    "produit": "Canistrellis",
    "description": "Biscuits de tradition Corse, à l'anis, huile d'olive et vin blanc ingrédients : Farine de Blé T65,\r\nhuile d'olive, vin blanc, sucre, sel, graines d'anis, poudre levante",
    "prix": 15.56,
    "unite": 1,
    "image_filename": null
  },
  {
    "id": 5279,
    "catalog_file_id": 235,
    "produit": "Brownie",
    "description": "Brownie aux Noix et chocolat noir 66% ingrédients : Farine de Blé T65\r\n Beurre Isigny St Mère, Œuf entier, sucre, noix, sel, poudre levante",
    "prix": 2.69,
    "unite": 1,
    "image_filename": null
  },
  {
    "id": 5280,
    "catalog_file_id": 235,
    "produit": "Pain de Campagne Grand Moulé 1300g",
    "description": "Pain de Campagne cuit en moule rectangulaire. ingrédients : Farine de Blé T80, levain de Seigle T170, eau, sel",
    "prix": 4.43,
    "unite": 1,
    "image_filename": null
  },
  {
    "id": 5281,
    "catalog_file_id": 235,
    "produit": "Cake au citron",
    "description": "Pour les amoureux du citron !\r\nZest de citron, jus de citron, citron confit, sirop de citron. ingrédients : Farine de Blé T65,\r\nCitron jaune\r\nSucre de canne, Œuf entier, beurre Isigny Ste Mère, amidon de Maïs, sel ",
    "prix": 7.91,
    "unite": 1,
    "image_filename": null
  },
  {
    "id": 5282,
    "catalog_file_id": 235,
    "produit": "Pain de Campagne Grand Moulé 1500g",
    "description": "Pain de Campagne cuit en moule rectangulaire. ingrédients : Farine de Blé T80, levain de Seigle T170, eau, sel",
    "prix": 4.43,
    "unite": 1,
    "image_filename": null
  },
  {
    "id": 5283,
    "catalog_file_id": 235,
    "produit": "Pain de Campagne Banneton 1000 g",
    "description": "Pain façonné en banneton osier et cuit à même sur la sole du four. Une croûte profonde et mie ouverte. ingrédients : Farine de Blé T80, levain de Seigle T170, eau, sel",
    "prix": 4.43,
    "unite": 1,
    "image_filename": null
  },
  {
    "id": 5284,
    "catalog_file_id": 235,
    "produit": "Sechskornbröt Petit moulé 500 g",
    "description": "Farine de Seigle Complet Blé semi complet Levain de seigle Sel et eau Tournesol, flocon d'avoine, lin brun, lin doré, graines de courge",
    "prix": 2.95,
    "unite": 1,
    "image_filename": null
  },
  {
    "id": 5285,
    "catalog_file_id": 235,
    "produit": "Pain aux graines Grand Moulé 1300g",
    "description": "Pain aux graines oléagineuses sur base de pain de campagne.  ingrédients : Farine de Blé T80, levain de Seigle T170, lin brun, lin doré, tournesol, sésame, pavot, eau, sel",
    "prix": 5.05,
    "unite": 1,
    "image_filename": null
  },
  {
    "id": 5286,
    "catalog_file_id": 236,
    "produit": "Pain de Campagne Miche 2000 g",
    "description": "Gros pain de 2 kg, très longue cuisson.  ingrédients : Farine de Blé T80, levain de Seigle T170, eau, sel",
    "prix": 4.43,
    "unite": 1,
    "image_filename": null
  },
  {
    "id": 5287,
    "catalog_file_id": 236,
    "produit": "Brioche 450 g",
    "description": "Brioche au beurre Isigny Sainte Mère AOP et aux oeufs. Pas de lait ni d'eau. ingrédients : Farine de Blé T65, Levain de laitOeufs entiers, beurre Isigny St Mère, sucre de canne, sel, levure ",
    "prix": 6.18,
    "unite": 1,
    "image_filename": null
  },
  {
    "id": 5288,
    "catalog_file_id": 236,
    "produit": "Brioche 900 g",
    "description": "Brioche au beurre Isigny Sainte Mère AOP et aux oeufs. Pas de lait ni d'eau. ingrédients : Farine de Blé T65, \r\nLevain de lait\r\nOeufs entiers, beurre Isigny St Mère, \r\nsucre de canne, sel, levure ",
    "prix": 12.55,
    "unite": 1,
    "image_filename": null
  },
  {
    "id": 5289,
    "catalog_file_id": 236,
    "produit": "Brioche Provençale \"Pompe à l'huile\"",
    "description": "Brioche sans beurre ni œuf, dessert traditionnel du diner des apôtres,\r\nNaturellement Vegan ingrédients : Farine de Blé T65\r\nLevain de Blé\r\nEau, sel, levure\r\nHuile d'Olive",
    "prix": 1.58,
    "unite": 1,
    "image_filename": null
  },
  {
    "id": 5290,
    "catalog_file_id": 236,
    "produit": "Cookies Noix-Noisettes-Chocolat",
    "description": "Cookies de 70 g\r\nGénéreusement garni de Noix, Noisettes et Chocolat ingrédients : Farine de Blé T65,\r\nOeufs entier, Beurre Isisgny Ste Mère, Sucre de Canne, \r\nNoix, Noisettes, Chocolat noir 66%\r\nsel, poudre levante",
    "prix": 1,
    "unite": 1,
    "image_filename": null
  },
  {
    "id": 5291,
    "catalog_file_id": 236,
    "produit": "Canistrellis",
    "description": "Biscuits de tradition Corse, à l'anis, huile d'olive et vin blanc ingrédients : Farine de Blé T65,\r\nhuile d'olive, vin blanc, sucre, sel, graines d'anis, poudre levante",
    "prix": 15.56,
    "unite": 1,
    "image_filename": null
  },
  {
    "id": 5292,
    "catalog_file_id": 236,
    "produit": "Brownie",
    "description": "Brownie aux Noix et chocolat noir 66% ingrédients : Farine de Blé T65\r\n Beurre Isigny St Mère, Œuf entier, sucre, noix, sel, poudre levante",
    "prix": 2.69,
    "unite": 1,
    "image_filename": null
  },
  {
    "id": 5293,
    "catalog_file_id": 236,
    "produit": "Pain de Campagne Grand Moulé 1300g",
    "description": "Pain de Campagne cuit en moule rectangulaire. ingrédients : Farine de Blé T80, levain de Seigle T170, eau, sel",
    "prix": 4.43,
    "unite": 1,
    "image_filename": null
  },
  {
    "id": 5294,
    "catalog_file_id": 236,
    "produit": "Pain de Campagne Banneton 1000 g",
    "description": "Pain façonné en banneton osier et cuit à même sur la sole du four. Une croûte profonde et mie ouverte. ingrédients : Farine de Blé T80, levain de Seigle T170, eau, sel",
    "prix": 4.43,
    "unite": 1,
    "image_filename": null
  },
  {
    "id": 5295,
    "catalog_file_id": 236,
    "produit": "Cake au citron",
    "description": "Pour les amoureux du citron !\r\nZest de citron, jus de citron, citron confit, sirop de citron. ingrédients : Farine de Blé T65,\r\nCitron jaune\r\nSucre de canne, Œuf entier, beurre Isigny Ste Mère, amidon de Maïs, sel ",
    "prix": 7.91,
    "unite": 1,
    "image_filename": null
  },
  {
    "id": 5296,
    "catalog_file_id": 236,
    "produit": "Pain de Campagne Grand Moulé 1500g",
    "description": "Pain de Campagne cuit en moule rectangulaire. ingrédients : Farine de Blé T80, levain de Seigle T170, eau, sel",
    "prix": 4.43,
    "unite": 1,
    "image_filename": null
  },
  {
    "id": 5297,
    "catalog_file_id": 236,
    "produit": "Sechskornbröt Petit moulé 500 g",
    "description": "Farine de Seigle Complet Blé semi complet Levain de seigle Sel et eau Tournesol, flocon d'avoine, lin brun, lin doré, graines de courge",
    "prix": 2.95,
    "unite": 1,
    "image_filename": null
  },
  {
    "id": 5298,
    "catalog_file_id": 236,
    "produit": "Petit Epeautre petit moule 500 g",
    "description": "Pain à la farine de Petit épeautre complet (engrain), et au levain de petit épeautre complet.\r\nTerroir AOP des Alpes de Haute Provence\r\nTrès riche en protéine et pauvre en gluten. ingrédients : Farine de Petit Epeautre complet\r\nlevain de Petit Epeautre, \r\neau, sel",
    "prix": 3.8,
    "unite": 1,
    "image_filename": null
  },
  {
    "id": 5299,
    "catalog_file_id": 236,
    "produit": "Roulé Cannelle 100 g",
    "description": "Sur une base de pain au lait, incorporation d'un beurre cannelle, puis tressage. ingrédients : Farine de Blé T65, lait, oeuf, beurre, sucre, sel, cannelle, levure",
    "prix": 1.69,
    "unite": 1,
    "image_filename": null
  },
  {
    "id": 5300,
    "catalog_file_id": 236,
    "produit": "Pain de Méteil en Boule 1000 g",
    "description": "Pain rustique mi blé mi seigle au levain de seigle ingrédients : Farine de Blé T80\r\nFarine de Seigle T70\r\neau, sel, levain de seigle",
    "prix": 4.91,
    "unite": 1,
    "image_filename": null
  },
  {
    "id": 5301,
    "catalog_file_id": 236,
    "produit": "Pain Complet Banneton 1000 g",
    "description": "Pain complet riche en fibres et minéraux, sans acide phytique grâce à la longue fermentation au levain. ingrédients : Pain complet riche en fibres et minéraux, sans acide phytique grâce à la longue fermentation au levain.",
    "prix": 4.59,
    "unite": 1,
    "image_filename": null
  },
  {
    "id": 5302,
    "catalog_file_id": 236,
    "produit": "Pain au Maïs en petit moules 500 g",
    "description": "Farine de Maïs Ancien Grand Roux Basque\r\nBlé et Graines de tournesol ingrédients : Farine de Maïs\r\nFarine de Blé T65\r\nLevain de Blé, eau, sel\r\nGraines de tournesol\r\nCurcuma",
    "prix": 3.69,
    "unite": 1,
    "image_filename": null
  },
  {
    "id": 5303,
    "catalog_file_id": 236,
    "produit": "Pain complet Grand Moulé 1300g",
    "description": "Pain complet riche en fibres et minéraux, sans acide phytique grâce à la longue fermentation au levain. ingrédients : Farine de Blé T80, Rémoulage, son fin,  levain de Seigle T170, eau, sel",
    "prix": 4.59,
    "unite": 1,
    "image_filename": null
  },
  {
    "id": 5304,
    "catalog_file_id": 236,
    "produit": "Pain aux Noix Grand Moulé 1300 g",
    "description": "Un pain aux noix concassées et réhydratées, sur la base du pain de Campagne.  ingrédients : Farine de Blé T80, levain de Seigle T170, Noix, eau, sel",
    "prix": 8.23,
    "unite": 1,
    "image_filename": null
  },
  {
    "id": 5305,
    "catalog_file_id": 236,
    "produit": "Pain aux graines Banneton 1000g",
    "description": "Pain façonné en banneton osier et cuit à même sur la sole du four. Une croûte profonde et mie ouverte. ingrédients : Farine de Blé T80, levain de Seigle T170, lin brun, lin doré, tournesol, sésame, pavot, eau, sel",
    "prix": 5.05,
    "unite": 1,
    "image_filename": null
  },
  {
    "id": 5306,
    "catalog_file_id": 236,
    "produit": "Pain aux graines Grand Moulé 1300g",
    "description": "Pain aux graines oléagineuses sur base de pain de campagne.  ingrédients : Farine de Blé T80, levain de Seigle T170, lin brun, lin doré, tournesol, sésame, pavot, eau, sel",
    "prix": 5.05,
    "unite": 1,
    "image_filename": null
  },
  {
    "id": 5307,
    "catalog_file_id": 236,
    "produit": "Pain Généreux Grand Moulé 1300g",
    "description": "Pain aux fruits sec et fruits à coque, enveloppé dans des flocons d'avoine. ingrédients : Farine de Blé T80, levain de Seigle T170, Noisettes, Abricots, raisins de corinthe, flocons d'avoines, graines de courge, eau, sel",
    "prix": 6.7,
    "unite": 1,
    "image_filename": null
  },
  {
    "id": 5308,
    "catalog_file_id": 236,
    "produit": "Pain de Campagne Moule Fermé 1500 g",
    "description": "Pain de Campagne cuit en moule fermé.\r\nIl a une forme parfaitement rectangulaire, et très peu de croûte ingrédients : Farine de Blé T80, levain de Seigle T170, eau, sel",
    "prix": 4.43,
    "unite": 1,
    "image_filename": null
  },
  {
    "id": 5309,
    "catalog_file_id": 236,
    "produit": "Pain aux graines Miche 2000 g",
    "description": "Gros pain de 2 kg, très longue cuisson.  ingrédients : Farine de Blé T80, levain de Seigle T170, lin brun, lin doré, tournesol, sésame, pavot, eau, sel",
    "prix": 5.05,
    "unite": 1,
    "image_filename": null
  },
  {
    "id": 5310,
    "catalog_file_id": 236,
    "produit": "Pain de Riz et Sorgho petit moule 500 g",
    "description": "Farines de Riz et de Sorgho, naturellement sans gluten, Huile d'olive. ingrédients : Farine de Riz\r\nFarine de Sorgho\r\nEau, sel, huile d'olive, levain et levure",
    "prix": 4.59,
    "unite": 1,
    "image_filename": null
  },
  {
    "id": 5311,
    "catalog_file_id": 236,
    "produit": "Petit Epeautre Grand  moule 1300 g",
    "description": "Pain à la farine de Petit épeautre complet (engrain), et au levain de petit épeautre complet.\r\nTerroir AOP des Alpes de Haute Provence\r\nTrès riche en protéine et pauvre en gluten. ingrédients : Farine de Petit Epeautre complet\r\nlevain de Petit Epeautre, \r\neau, sel",
    "prix": 8.02,
    "unite": 1,
    "image_filename": null
  },
  {
    "id": 5312,
    "catalog_file_id": 236,
    "produit": "Pain de Khorasan en boule de 800 g",
    "description": "Farine de Blé dur ancien de variété Khorasan.  ingrédients : Farine de Khorasan \r\nLevain de Khorasan\r\neau, sel",
    "prix": 6.27,
    "unite": 1,
    "image_filename": null
  },
  {
    "id": 5313,
    "catalog_file_id": 236,
    "produit": "Pain Intégral Grand Moulé 1300 g",
    "description": "Pain au levain de seigle, réalisé avec l'intégralité du grain de blé.  Très riche en fibres et minéraux ingrédients : Farine de Blé T80, Rémoulage, son gros, son fin,  levain de Seigle T170, eau, sel",
    "prix": 4.59,
    "unite": 1,
    "image_filename": null
  },
  {
    "id": 5314,
    "catalog_file_id": 236,
    "produit": "Pain de Riz et Sorgho aux graines en petit moule 500 g",
    "description": "Base du pain de riz et Sorgho, \r\nMélange de graines oléagineuses\r\n ingrédients : Farine de Riz\r\nfarine de sorgho\r\neau, sel, levain, huile d'olive\r\n\r\nLin brun, lin doré, pavot, sésame, tournesol.",
    "prix": 4.91,
    "unite": 1,
    "image_filename": null
  },
  {
    "id": 5315,
    "catalog_file_id": 237,
    "produit": "Pain aux graines Miche 2000 g",
    "description": "Gros pain de 2 kg, très longue cuisson.  ingrédients : Farine de Blé T80, levain de Seigle T170, lin brun, lin doré, tournesol, sésame, pavot, eau, sel",
    "prix": 5.05,
    "unite": 1,
    "image_filename": null
  },
  {
    "id": 5316,
    "catalog_file_id": 237,
    "produit": "Petit Epeautre petit moule 500 g",
    "description": "Pain à la farine de Petit épeautre complet (engrain), et au levain de petit épeautre complet.\r\nTerroir AOP des Alpes de Haute Provence\r\nTrès riche en protéine et pauvre en gluten. ingrédients : Farine de Petit Epeautre complet\r\nlevain de Petit Epeautre, \r\neau, sel",
    "prix": 3.8,
    "unite": 1,
    "image_filename": null
  },
  {
    "id": 5317,
    "catalog_file_id": 237,
    "produit": "Pain de Campagne Miche 2000 g",
    "description": "Gros pain de 2 kg, très longue cuisson.  ingrédients : Farine de Blé T80, levain de Seigle T170, eau, sel",
    "prix": 4.43,
    "unite": 1,
    "image_filename": null
  },
  {
    "id": 5318,
    "catalog_file_id": 237,
    "produit": "Pain de Campagne Moule Fermé 1500 g",
    "description": "Pain de Campagne cuit en moule fermé.\r\nIl a une forme parfaitement rectangulaire, et très peu de croûte ingrédients : Farine de Blé T80, levain de Seigle T170, eau, sel",
    "prix": 4.43,
    "unite": 1,
    "image_filename": null
  },
  {
    "id": 5319,
    "catalog_file_id": 237,
    "produit": "Pain de Riz et Sorgho petit moule 500 g",
    "description": "Farines de Riz et de Sorgho, naturellement sans gluten, Huile d'olive. ingrédients : Farine de Riz\r\nFarine de Sorgho\r\nEau, sel, huile d'olive, levain et levure",
    "prix": 4.59,
    "unite": 1,
    "image_filename": null
  },
  {
    "id": 5320,
    "catalog_file_id": 237,
    "produit": "Pain Généreux Grand Moulé 1300g",
    "description": "Pain aux fruits sec et fruits à coque, enveloppé dans des flocons d'avoine. ingrédients : Farine de Blé T80, levain de Seigle T170, Noisettes, Abricots, raisins de corinthe, flocons d'avoines, graines de courge, eau, sel",
    "prix": 6.7,
    "unite": 1,
    "image_filename": null
  },
  {
    "id": 5321,
    "catalog_file_id": 237,
    "produit": "Petit Epeautre Grand  moule 1300 g",
    "description": "Pain à la farine de Petit épeautre complet (engrain), et au levain de petit épeautre complet.\r\nTerroir AOP des Alpes de Haute Provence\r\nTrès riche en protéine et pauvre en gluten. ingrédients : Farine de Petit Epeautre complet\r\nlevain de Petit Epeautre, \r\neau, sel",
    "prix": 8.02,
    "unite": 1,
    "image_filename": null
  },
  {
    "id": 5322,
    "catalog_file_id": 237,
    "produit": "Pain Complet Banneton 1000 g",
    "description": "Pain complet riche en fibres et minéraux, sans acide phytique grâce à la longue fermentation au levain. ingrédients : Pain complet riche en fibres et minéraux, sans acide phytique grâce à la longue fermentation au levain.",
    "prix": 4.59,
    "unite": 1,
    "image_filename": null
  },
  {
    "id": 5323,
    "catalog_file_id": 237,
    "produit": "Pain complet Grand Moulé 1300g",
    "description": "Pain complet riche en fibres et minéraux, sans acide phytique grâce à la longue fermentation au levain. ingrédients : Farine de Blé T80, Rémoulage, son fin,  levain de Seigle T170, eau, sel",
    "prix": 4.59,
    "unite": 1,
    "image_filename": null
  },
  {
    "id": 5324,
    "catalog_file_id": 237,
    "produit": "Pain au Maïs en petit moules 500 g",
    "description": "Farine de Maïs Ancien Grand Roux Basque\r\nBlé et Graines de tournesol ingrédients : Farine de Maïs\r\nFarine de Blé T65\r\nLevain de Blé, eau, sel\r\nGraines de tournesol\r\nCurcuma",
    "prix": 3.69,
    "unite": 1,
    "image_filename": null
  },
  {
    "id": 5325,
    "catalog_file_id": 237,
    "produit": "Pain Intégral Grand Moulé 1300 g",
    "description": "Pain au levain de seigle, réalisé avec l'intégralité du grain de blé.  Très riche en fibres et minéraux ingrédients : Farine de Blé T80, Rémoulage, son gros, son fin,  levain de Seigle T170, eau, sel",
    "prix": 4.59,
    "unite": 1,
    "image_filename": null
  },
  {
    "id": 5326,
    "catalog_file_id": 237,
    "produit": "Pain aux Noix Grand Moulé 1300 g",
    "description": "Un pain aux noix concassées et réhydratées, sur la base du pain de Campagne.  ingrédients : Farine de Blé T80, levain de Seigle T170, Noix, eau, sel",
    "prix": 8.23,
    "unite": 1,
    "image_filename": null
  },
  {
    "id": 5327,
    "catalog_file_id": 237,
    "produit": "Brioche 450 g",
    "description": "Brioche au beurre Isigny Sainte Mère AOP et aux oeufs. Pas de lait ni d'eau. ingrédients : Farine de Blé T65, Levain de laitOeufs entiers, beurre Isigny St Mère, sucre de canne, sel, levure ",
    "prix": 6.18,
    "unite": 1,
    "image_filename": null
  },
  {
    "id": 5328,
    "catalog_file_id": 237,
    "produit": "Brioche Provençale \"Pompe à l'huile\"",
    "description": "Brioche sans beurre ni œuf, dessert traditionnel du diner des apôtres,\r\nNaturellement Vegan ingrédients : Farine de Blé T65\r\nLevain de Blé\r\nEau, sel, levure\r\nHuile d'Olive",
    "prix": 1.58,
    "unite": 1,
    "image_filename": null
  },
  {
    "id": 5329,
    "catalog_file_id": 237,
    "produit": "Shokupan 500 g",
    "description": "Pain de Mie de tradition Japonaise réalisée sur 3 pâtes et au levain de Panettone. \r\nConservation exceptionnelle de 10 jours sous film.\r\n10cm x 10cm x 19 cm ingrédients : Farine de Blé T55,\r\nLevain de Panettone\r\nLait, eau, sucre de canne, beurre isigny sainte mère,\r\nsel",
    "prix": 4.85,
    "unite": 1,
    "image_filename": null
  },
  {
    "id": 5330,
    "catalog_file_id": 237,
    "produit": "Pain de Riz et Sorgho aux graines en petit moule 500 g",
    "description": "Base du pain de riz et Sorgho, \r\nMélange de graines oléagineuses\r\n ingrédients : Farine de Riz\r\nfarine de sorgho\r\neau, sel, levain, huile d'olive\r\n\r\nLin brun, lin doré, pavot, sésame, tournesol.",
    "prix": 4.91,
    "unite": 1,
    "image_filename": null
  },
  {
    "id": 5331,
    "catalog_file_id": 237,
    "produit": "Roulé Cannelle 100 g",
    "description": "Sur une base de pain au lait, incorporation d'un beurre cannelle, puis tressage. ingrédients : Farine de Blé T65, lait, oeuf, beurre, sucre, sel, cannelle, levure",
    "prix": 1.69,
    "unite": 1,
    "image_filename": null
  },
  {
    "id": 5332,
    "catalog_file_id": 237,
    "produit": "Shokupan 1400 g",
    "description": "Pain de Mie de tradition Japonaise réalisée sur 3 pâtes et au levain de Panettone. \r\nConservation exceptionnelle de 10 jours sous film.\r\n11cm x 11cm x 36 cm ingrédients : Farine de Blé T55,\r\nLevain de Panettone\r\nLait, eau, sucre de canne, beurre isigny sainte mère,\r\nsel",
    "prix": 11.92,
    "unite": 1,
    "image_filename": null
  },
  {
    "id": 5333,
    "catalog_file_id": 237,
    "produit": "Crackers",
    "description": "Crackers au levain de seigle et graines oléagineuses, huile d'olive, origan ingrédients : Farine de Blé T80\r\nFarine de Seigle T170\r\neau, sel, Lin Brun, Lin doré, Pavot, Sésame , Tournesol, Huile d'Olive, Origan",
    "prix": 15.09,
    "unite": 1,
    "image_filename": null
  },
  {
    "id": 5334,
    "catalog_file_id": 237,
    "produit": "Cookies Noix-Noisettes-Chocolat",
    "description": "Cookies de 70 g\r\nGénéreusement garni de Noix, Noisettes et Chocolat ingrédients : Farine de Blé T65,\r\nOeufs entier, Beurre Isisgny Ste Mère, Sucre de Canne, \r\nNoix, Noisettes, Chocolat noir 66%\r\nsel, poudre levante",
    "prix": 1,
    "unite": 1,
    "image_filename": null
  },
  {
    "id": 5335,
    "catalog_file_id": 237,
    "produit": "Canistrellis",
    "description": "Biscuits de tradition Corse, à l'anis, huile d'olive et vin blanc ingrédients : Farine de Blé T65,\r\nhuile d'olive, vin blanc, sucre, sel, graines d'anis, poudre levante",
    "prix": 15.56,
    "unite": 1,
    "image_filename": null
  },
  {
    "id": 5336,
    "catalog_file_id": 237,
    "produit": "Brownie",
    "description": "Brownie aux Noix et chocolat noir 66% ingrédients : Farine de Blé T65\r\n Beurre Isigny St Mère, Œuf entier, sucre, noix, sel, poudre levante",
    "prix": 2.69,
    "unite": 1,
    "image_filename": null
  },
  {
    "id": 5337,
    "catalog_file_id": 237,
    "produit": "Pain de Campagne Grand Moulé 1300g",
    "description": "Pain de Campagne cuit en moule rectangulaire. ingrédients : Farine de Blé T80, levain de Seigle T170, eau, sel",
    "prix": 4.43,
    "unite": 1,
    "image_filename": null
  },
  {
    "id": 5338,
    "catalog_file_id": 237,
    "produit": "Cake au citron",
    "description": "Pour les amoureux du citron !\r\nZest de citron, jus de citron, citron confit, sirop de citron. ingrédients : Farine de Blé T65,\r\nCitron jaune\r\nSucre de canne, Œuf entier, beurre Isigny Ste Mère, amidon de Maïs, sel ",
    "prix": 7.91,
    "unite": 1,
    "image_filename": null
  },
  {
    "id": 5339,
    "catalog_file_id": 237,
    "produit": "Pain de Campagne Grand Moulé 1500g",
    "description": "Pain de Campagne cuit en moule rectangulaire. ingrédients : Farine de Blé T80, levain de Seigle T170, eau, sel",
    "prix": 4.43,
    "unite": 1,
    "image_filename": null
  },
  {
    "id": 5340,
    "catalog_file_id": 237,
    "produit": "Pain de Campagne Banneton 1000 g",
    "description": "Pain façonné en banneton osier et cuit à même sur la sole du four. Une croûte profonde et mie ouverte. ingrédients : Farine de Blé T80, levain de Seigle T170, eau, sel",
    "prix": 4.43,
    "unite": 1,
    "image_filename": null
  },
  {
    "id": 5341,
    "catalog_file_id": 237,
    "produit": "Sechskornbröt Petit moulé 500 g",
    "description": "Farine de Seigle Complet Blé semi complet Levain de seigle Sel et eau Tournesol, flocon d'avoine, lin brun, lin doré, graines de courge",
    "prix": 2.95,
    "unite": 1,
    "image_filename": null
  },
  {
    "id": 5342,
    "catalog_file_id": 237,
    "produit": "Pain aux graines Grand Moulé 1300g",
    "description": "Pain aux graines oléagineuses sur base de pain de campagne.  ingrédients : Farine de Blé T80, levain de Seigle T170, lin brun, lin doré, tournesol, sésame, pavot, eau, sel",
    "prix": 5.05,
    "unite": 1,
    "image_filename": null
  },
  {
    "id": 5343,
    "catalog_file_id": 237,
    "produit": "Pain aux graines Banneton 1000g",
    "description": "Pain façonné en banneton osier et cuit à même sur la sole du four. Une croûte profonde et mie ouverte. ingrédients : Farine de Blé T80, levain de Seigle T170, lin brun, lin doré, tournesol, sésame, pavot, eau, sel",
    "prix": 5.05,
    "unite": 1,
    "image_filename": null
  },
  {
    "id": 5344,
    "catalog_file_id": 237,
    "produit": "Brioche 900 g",
    "description": "Brioche au beurre Isigny Sainte Mère AOP et aux oeufs. Pas de lait ni d'eau. ingrédients : Farine de Blé T65, \r\nLevain de lait\r\nOeufs entiers, beurre Isigny St Mère, \r\nsucre de canne, sel, levure ",
    "prix": 12.55,
    "unite": 1,
    "image_filename": null
  },
  {
    "id": 5357,
    "catalog_file_id": 239,
    "produit": "boudin porc kintoa AOP 190 g ",
    "description": "bocal de 190 g",
    "prix": 4.5,
    "unite": 1,
    "image_filename": null
  },
  {
    "id": 5358,
    "catalog_file_id": 239,
    "produit": "Colis de porc Kintoa AOP",
    "description": "Colis de viande fraiche 5 KG (sous vide)\r\nrôti, saucisses, côtes, txistorra, ventrèche, boudinettes",
    "prix": 75,
    "unite": 1,
    "image_filename": null
  },
  {
    "id": 5359,
    "catalog_file_id": 239,
    "produit": "confit de porc kintoa AOP",
    "description": " bocal de 500 g",
    "prix": 14,
    "unite": 1,
    "image_filename": null
  },
  {
    "id": 5360,
    "catalog_file_id": 239,
    "produit": "saucisson de porc kintoa AOP",
    "description": "45€ le kg environ 230 g",
    "prix": 10,
    "unite": 1,
    "image_filename": null
  },
  {
    "id": 5361,
    "catalog_file_id": 239,
    "produit": "ventreche de porc kintoa AOP",
    "description": "poitrine séchée tranchée sous vide environ 220 g. 22 € le kg",
    "prix": 4.8,
    "unite": 1,
    "image_filename": null
  },
  {
    "id": 5362,
    "catalog_file_id": 239,
    "produit": "hure kintoa 190g",
    "description": "pâté de tête bocal de 190g",
    "prix": 4.5,
    "unite": 1,
    "image_filename": null
  },
  {
    "id": 5363,
    "catalog_file_id": 239,
    "produit": "jambon de porc kintoa AOP ",
    "description": "tranché sous vide environ 120 g à 90 € le kg (24 mois d'affinage)",
    "prix": 11,
    "unite": 1,
    "image_filename": null
  },
  {
    "id": 5364,
    "catalog_file_id": 239,
    "produit": "saucisses confites kintoa",
    "description": "bocal de  500g",
    "prix": 13,
    "unite": 1,
    "image_filename": null
  },
  {
    "id": 5365,
    "catalog_file_id": 239,
    "produit": "pate porc kintoa ",
    "description": "bocal de190g",
    "prix": 4.5,
    "unite": 1,
    "image_filename": null
  },
  {
    "id": 5366,
    "catalog_file_id": 239,
    "produit": "coppa kintoa",
    "description": "sous vide environ 140 g. 45 € le kg",
    "prix": 6.3,
    "unite": 1,
    "image_filename": null
  },
  {
    "id": 5367,
    "catalog_file_id": 239,
    "produit": "jambon kintoa AOP",
    "description": "morceau sous vide sans couenne (MINIMUN 350 g). 75 € le kg  24 mois d'affinage",
    "prix": 27,
    "unite": 1,
    "image_filename": null
  },
  {
    "id": 5368,
    "catalog_file_id": 239,
    "produit": "jambon entier kintoa AOP",
    "description": "entier à l'os environ 8,500 kg . 32 € le kg. 24 mois d'affinage",
    "prix": 270,
    "unite": 1,
    "image_filename": null
  },
  {
    "id": 5369,
    "catalog_file_id": 239,
    "produit": "txintxu porc kintoa",
    "description": "rillettes bocal de 190 g",
    "prix": 4.5,
    "unite": 1,
    "image_filename": null
  },
  {
    "id": 5385,
    "catalog_file_id": 241,
    "produit": "Seve de bouleau bio",
    "description": "PaCk de 3 litres ",
    "prix": 29,
    "unite": 1,
    "image_filename": null
  },
  {
    "id": 5386,
    "catalog_file_id": 242,
    "produit": "pommes  ",
    "description": "sachet de 3kg ",
    "prix": 7.5,
    "unite": 1,
    "image_filename": null
  },
  {
    "id": 5387,
    "catalog_file_id": 242,
    "produit": "pommes ",
    "description": "sachet de 6kg ",
    "prix": 15,
    "unite": 1,
    "image_filename": null
  },
  {
    "id": 5388,
    "catalog_file_id": 242,
    "produit": "Milhac philippe",
    "description": "pommes sachet de 3kg et 6kg et 10 kg en 2é choix prix idem 2025",
    "prix": 7.5,
    "unite": 1,
    "image_filename": null
  },
  {
    "id": 5390,
    "catalog_file_id": 244,
    "produit": "paquet de 2 cuisses de poulet",
    "description": "8,70 €/kg   400g",
    "prix": 3.48,
    "unite": 1,
    "image_filename": null
  },
  {
    "id": 5391,
    "catalog_file_id": 244,
    "produit": "poulet entier (moyen)",
    "description": "7,50 €/KG    pour 1kg700",
    "prix": 12.75,
    "unite": 1,
    "image_filename": null
  },
  {
    "id": 5392,
    "catalog_file_id": 244,
    "produit": "Coquelet ",
    "description": "8,10 €/kg    pour 850 g",
    "prix": 6.88,
    "unite": 1,
    "image_filename": null
  },
  {
    "id": 5393,
    "catalog_file_id": 244,
    "produit": "pintade",
    "description": "9 €/kg   pour 1kg500",
    "prix": 13.5,
    "unite": 1,
    "image_filename": null
  },
  {
    "id": 5394,
    "catalog_file_id": 244,
    "produit": "Ailes de poulets",
    "description": "Paquet de 6 ailes",
    "prix": 4.8,
    "unite": 1,
    "image_filename": null
  },
  {
    "id": 5395,
    "catalog_file_id": 245,
    "produit": "Pain de Campagne Miche 2000 g",
    "description": "Gros pain de 2 kg, très longue cuisson.  ingrédients : Farine de Blé T80, levain de Seigle T170, eau, sel",
    "prix": 4.43,
    "unite": 1,
    "image_filename": null
  },
  {
    "id": 5396,
    "catalog_file_id": 245,
    "produit": "Pain Complet Banneton 1000 g",
    "description": "Pain complet riche en fibres et minéraux, sans acide phytique grâce à la longue fermentation au levain. ingrédients : Pain complet riche en fibres et minéraux, sans acide phytique grâce à la longue fermentation au levain.",
    "prix": 4.59,
    "unite": 1,
    "image_filename": null
  },
  {
    "id": 5397,
    "catalog_file_id": 245,
    "produit": "Pain au Maïs en petit moules 500 g",
    "description": "Farine de Maïs Ancien Grand Roux Basque\r\nBlé et Graines de tournesol ingrédients : Farine de Maïs\r\nFarine de Blé T65\r\nLevain de Blé, eau, sel\r\nGraines de tournesol\r\nCurcuma",
    "prix": 3.69,
    "unite": 1,
    "image_filename": null
  },
  {
    "id": 5398,
    "catalog_file_id": 245,
    "produit": "Pain complet Grand Moulé 1300g",
    "description": "Pain complet riche en fibres et minéraux, sans acide phytique grâce à la longue fermentation au levain. ingrédients : Farine de Blé T80, Rémoulage, son fin,  levain de Seigle T170, eau, sel",
    "prix": 4.59,
    "unite": 1,
    "image_filename": null
  },
  {
    "id": 5399,
    "catalog_file_id": 245,
    "produit": "Brioche 450 g",
    "description": "Brioche au beurre Isigny Sainte Mère AOP et aux oeufs. Pas de lait ni d'eau. ingrédients : Farine de Blé T65, Levain de laitOeufs entiers, beurre Isigny St Mère, sucre de canne, sel, levure ",
    "prix": 6.18,
    "unite": 1,
    "image_filename": null
  },
  {
    "id": 5400,
    "catalog_file_id": 245,
    "produit": "Brioche 900 g",
    "description": "Brioche au beurre Isigny Sainte Mère AOP et aux oeufs. Pas de lait ni d'eau. ingrédients : Farine de Blé T65, \r\nLevain de lait\r\nOeufs entiers, beurre Isigny St Mère, \r\nsucre de canne, sel, levure ",
    "prix": 12.55,
    "unite": 1,
    "image_filename": null
  },
  {
    "id": 5401,
    "catalog_file_id": 245,
    "produit": "Brioche Provençale \"Pompe à l'huile\"",
    "description": "Brioche sans beurre ni œuf, dessert traditionnel du diner des apôtres,\r\nNaturellement Vegan ingrédients : Farine de Blé T65\r\nLevain de Blé\r\nEau, sel, levure\r\nHuile d'Olive",
    "prix": 1.58,
    "unite": 1,
    "image_filename": null
  },
  {
    "id": 5402,
    "catalog_file_id": 245,
    "produit": "Cookies Noix-Noisettes-Chocolat",
    "description": "Cookies de 70 g\r\nGénéreusement garni de Noix, Noisettes et Chocolat ingrédients : Farine de Blé T65,\r\nOeufs entier, Beurre Isisgny Ste Mère, Sucre de Canne, \r\nNoix, Noisettes, Chocolat noir 66%\r\nsel, poudre levante",
    "prix": 1,
    "unite": 1,
    "image_filename": null
  },
  {
    "id": 5403,
    "catalog_file_id": 245,
    "produit": "Canistrellis",
    "description": "Biscuits de tradition Corse, à l'anis, huile d'olive et vin blanc ingrédients : Farine de Blé T65,\r\nhuile d'olive, vin blanc, sucre, sel, graines d'anis, poudre levante",
    "prix": 15.56,
    "unite": 1,
    "image_filename": null
  },
  {
    "id": 5404,
    "catalog_file_id": 245,
    "produit": "Brownie",
    "description": "Brownie aux Noix et chocolat noir 66% ingrédients : Farine de Blé T65\r\n Beurre Isigny St Mère, Œuf entier, sucre, noix, sel, poudre levante",
    "prix": 2.69,
    "unite": 1,
    "image_filename": null
  },
  {
    "id": 5405,
    "catalog_file_id": 245,
    "produit": "Pain de Campagne Grand Moulé 1300g",
    "description": "Pain de Campagne cuit en moule rectangulaire. ingrédients : Farine de Blé T80, levain de Seigle T170, eau, sel",
    "prix": 4.43,
    "unite": 1,
    "image_filename": null
  },
  {
    "id": 5406,
    "catalog_file_id": 245,
    "produit": "Pain de Campagne Banneton 1000 g",
    "description": "Pain façonné en banneton osier et cuit à même sur la sole du four. Une croûte profonde et mie ouverte. ingrédients : Farine de Blé T80, levain de Seigle T170, eau, sel",
    "prix": 4.43,
    "unite": 1,
    "image_filename": null
  },
  {
    "id": 5407,
    "catalog_file_id": 245,
    "produit": "Cake au citron",
    "description": "Pour les amoureux du citron !\r\nZest de citron, jus de citron, citron confit, sirop de citron. ingrédients : Farine de Blé T65,\r\nCitron jaune\r\nSucre de canne, Œuf entier, beurre Isigny Ste Mère, amidon de Maïs, sel ",
    "prix": 7.91,
    "unite": 1,
    "image_filename": null
  },
  {
    "id": 5408,
    "catalog_file_id": 245,
    "produit": "Pain de Campagne Grand Moulé 1500g",
    "description": "Pain de Campagne cuit en moule rectangulaire. ingrédients : Farine de Blé T80, levain de Seigle T170, eau, sel",
    "prix": 4.43,
    "unite": 1,
    "image_filename": null
  },
  {
    "id": 5409,
    "catalog_file_id": 245,
    "produit": "Sechskornbröt Petit moulé 500 g",
    "description": "Farine de Seigle Complet Blé semi complet Levain de seigle Sel et eau Tournesol, flocon d'avoine, lin brun, lin doré, graines de courge",
    "prix": 2.95,
    "unite": 1,
    "image_filename": null
  },
  {
    "id": 5410,
    "catalog_file_id": 245,
    "produit": "Petit Epeautre petit moule 500 g",
    "description": "Pain à la farine de Petit épeautre complet (engrain), et au levain de petit épeautre complet.\r\nTerroir AOP des Alpes de Haute Provence\r\nTrès riche en protéine et pauvre en gluten. ingrédients : Farine de Petit Epeautre complet\r\nlevain de Petit Epeautre, \r\neau, sel",
    "prix": 3.8,
    "unite": 1,
    "image_filename": null
  },
  {
    "id": 5411,
    "catalog_file_id": 245,
    "produit": "Roulé Cannelle 100 g",
    "description": "Sur une base de pain au lait, incorporation d'un beurre cannelle, puis tressage. ingrédients : Farine de Blé T65, lait, oeuf, beurre, sucre, sel, cannelle, levure",
    "prix": 1.69,
    "unite": 1,
    "image_filename": null
  },
  {
    "id": 5412,
    "catalog_file_id": 245,
    "produit": "Pain de Méteil en Boule 1000 g",
    "description": "Pain rustique mi blé mi seigle au levain de seigle ingrédients : Farine de Blé T80\r\nFarine de Seigle T70\r\neau, sel, levain de seigle",
    "prix": 4.91,
    "unite": 1,
    "image_filename": null
  },
  {
    "id": 5413,
    "catalog_file_id": 245,
    "produit": "Pain aux Noix Grand Moulé 1300 g",
    "description": "Un pain aux noix concassées et réhydratées, sur la base du pain de Campagne.  ingrédients : Farine de Blé T80, levain de Seigle T170, Noix, eau, sel",
    "prix": 8.23,
    "unite": 1,
    "image_filename": null
  },
  {
    "id": 5414,
    "catalog_file_id": 245,
    "produit": "Pain aux graines Banneton 1000g",
    "description": "Pain façonné en banneton osier et cuit à même sur la sole du four. Une croûte profonde et mie ouverte. ingrédients : Farine de Blé T80, levain de Seigle T170, lin brun, lin doré, tournesol, sésame, pavot, eau, sel",
    "prix": 5.05,
    "unite": 1,
    "image_filename": null
  },
  {
    "id": 5415,
    "catalog_file_id": 245,
    "produit": "Pain aux graines Grand Moulé 1300g",
    "description": "Pain aux graines oléagineuses sur base de pain de campagne.  ingrédients : Farine de Blé T80, levain de Seigle T170, lin brun, lin doré, tournesol, sésame, pavot, eau, sel",
    "prix": 5.05,
    "unite": 1,
    "image_filename": null
  },
  {
    "id": 5416,
    "catalog_file_id": 245,
    "produit": "Pain Généreux Grand Moulé 1300g",
    "description": "Pain aux fruits sec et fruits à coque, enveloppé dans des flocons d'avoine. ingrédients : Farine de Blé T80, levain de Seigle T170, Noisettes, Abricots, raisins de corinthe, flocons d'avoines, graines de courge, eau, sel",
    "prix": 6.7,
    "unite": 1,
    "image_filename": null
  },
  {
    "id": 5417,
    "catalog_file_id": 245,
    "produit": "Pain de Campagne Moule Fermé 1500 g",
    "description": "Pain de Campagne cuit en moule fermé.\r\nIl a une forme parfaitement rectangulaire, et très peu de croûte ingrédients : Farine de Blé T80, levain de Seigle T170, eau, sel",
    "prix": 4.43,
    "unite": 1,
    "image_filename": null
  },
  {
    "id": 5418,
    "catalog_file_id": 245,
    "produit": "Pain aux graines Miche 2000 g",
    "description": "Gros pain de 2 kg, très longue cuisson.  ingrédients : Farine de Blé T80, levain de Seigle T170, lin brun, lin doré, tournesol, sésame, pavot, eau, sel",
    "prix": 5.05,
    "unite": 1,
    "image_filename": null
  },
  {
    "id": 5419,
    "catalog_file_id": 245,
    "produit": "Pain de Riz et Sorgho petit moule 500 g",
    "description": "Farines de Riz et de Sorgho, naturellement sans gluten, Huile d'olive. ingrédients : Farine de Riz\r\nFarine de Sorgho\r\nEau, sel, huile d'olive, levain et levure",
    "prix": 4.59,
    "unite": 1,
    "image_filename": null
  },
  {
    "id": 5420,
    "catalog_file_id": 245,
    "produit": "Petit Epeautre Grand  moule 1300 g",
    "description": "Pain à la farine de Petit épeautre complet (engrain), et au levain de petit épeautre complet.\r\nTerroir AOP des Alpes de Haute Provence\r\nTrès riche en protéine et pauvre en gluten. ingrédients : Farine de Petit Epeautre complet\r\nlevain de Petit Epeautre, \r\neau, sel",
    "prix": 8.02,
    "unite": 1,
    "image_filename": null
  },
  {
    "id": 5421,
    "catalog_file_id": 245,
    "produit": "Pain de Khorasan en boule de 800 g",
    "description": "Farine de Blé dur ancien de variété Khorasan.  ingrédients : Farine de Khorasan \r\nLevain de Khorasan\r\neau, sel",
    "prix": 6.27,
    "unite": 1,
    "image_filename": null
  },
  {
    "id": 5422,
    "catalog_file_id": 245,
    "produit": "Pain Intégral Grand Moulé 1300 g",
    "description": "Pain au levain de seigle, réalisé avec l'intégralité du grain de blé.  Très riche en fibres et minéraux ingrédients : Farine de Blé T80, Rémoulage, son gros, son fin,  levain de Seigle T170, eau, sel",
    "prix": 4.59,
    "unite": 1,
    "image_filename": null
  },
  {
    "id": 5423,
    "catalog_file_id": 245,
    "produit": "Pain de Riz et Sorgho aux graines en petit moule 500 g",
    "description": "Base du pain de riz et Sorgho, \r\nMélange de graines oléagineuses\r\n ingrédients : Farine de Riz\r\nfarine de sorgho\r\neau, sel, levain, huile d'olive\r\n\r\nLin brun, lin doré, pavot, sésame, tournesol.",
    "prix": 4.91,
    "unite": 1,
    "image_filename": null
  },
  {
    "id": 5424,
    "catalog_file_id": 246,
    "produit": "Pain aux graines Miche 2000 g",
    "description": "Gros pain de 2 kg, très longue cuisson.  ingrédients : Farine de Blé T80, levain de Seigle T170, lin brun, lin doré, tournesol, sésame, pavot, eau, sel",
    "prix": 5.05,
    "unite": 1,
    "image_filename": null
  },
  {
    "id": 5425,
    "catalog_file_id": 246,
    "produit": "Petit Epeautre petit moule 500 g",
    "description": "Pain à la farine de Petit épeautre complet (engrain), et au levain de petit épeautre complet.\r\nTerroir AOP des Alpes de Haute Provence\r\nTrès riche en protéine et pauvre en gluten. ingrédients : Farine de Petit Epeautre complet\r\nlevain de Petit Epeautre, \r\neau, sel",
    "prix": 3.8,
    "unite": 1,
    "image_filename": null
  },
  {
    "id": 5426,
    "catalog_file_id": 246,
    "produit": "Pain de Campagne Miche 2000 g",
    "description": "Gros pain de 2 kg, très longue cuisson.  ingrédients : Farine de Blé T80, levain de Seigle T170, eau, sel",
    "prix": 4.43,
    "unite": 1,
    "image_filename": null
  },
  {
    "id": 5427,
    "catalog_file_id": 246,
    "produit": "Pain de Campagne Moule Fermé 1500 g",
    "description": "Pain de Campagne cuit en moule fermé.\r\nIl a une forme parfaitement rectangulaire, et très peu de croûte ingrédients : Farine de Blé T80, levain de Seigle T170, eau, sel",
    "prix": 4.43,
    "unite": 1,
    "image_filename": null
  },
  {
    "id": 5428,
    "catalog_file_id": 246,
    "produit": "Pain de Riz et Sorgho petit moule 500 g",
    "description": "Farines de Riz et de Sorgho, naturellement sans gluten, Huile d'olive. ingrédients : Farine de Riz\r\nFarine de Sorgho\r\nEau, sel, huile d'olive, levain et levure",
    "prix": 4.59,
    "unite": 1,
    "image_filename": null
  },
  {
    "id": 5429,
    "catalog_file_id": 246,
    "produit": "Pain Généreux Grand Moulé 1300g",
    "description": "Pain aux fruits sec et fruits à coque, enveloppé dans des flocons d'avoine. ingrédients : Farine de Blé T80, levain de Seigle T170, Noisettes, Abricots, raisins de corinthe, flocons d'avoines, graines de courge, eau, sel",
    "prix": 6.7,
    "unite": 1,
    "image_filename": null
  },
  {
    "id": 5430,
    "catalog_file_id": 246,
    "produit": "Petit Epeautre Grand  moule 1300 g",
    "description": "Pain à la farine de Petit épeautre complet (engrain), et au levain de petit épeautre complet.\r\nTerroir AOP des Alpes de Haute Provence\r\nTrès riche en protéine et pauvre en gluten. ingrédients : Farine de Petit Epeautre complet\r\nlevain de Petit Epeautre, \r\neau, sel",
    "prix": 8.02,
    "unite": 1,
    "image_filename": null
  },
  {
    "id": 5431,
    "catalog_file_id": 246,
    "produit": "Pain Complet Banneton 1000 g",
    "description": "Pain complet riche en fibres et minéraux, sans acide phytique grâce à la longue fermentation au levain. ingrédients : Pain complet riche en fibres et minéraux, sans acide phytique grâce à la longue fermentation au levain.",
    "prix": 4.59,
    "unite": 1,
    "image_filename": null
  },
  {
    "id": 5432,
    "catalog_file_id": 246,
    "produit": "Pain complet Grand Moulé 1300g",
    "description": "Pain complet riche en fibres et minéraux, sans acide phytique grâce à la longue fermentation au levain. ingrédients : Farine de Blé T80, Rémoulage, son fin,  levain de Seigle T170, eau, sel",
    "prix": 4.59,
    "unite": 1,
    "image_filename": null
  },
  {
    "id": 5433,
    "catalog_file_id": 246,
    "produit": "Pain au Maïs en petit moules 500 g",
    "description": "Farine de Maïs Ancien Grand Roux Basque\r\nBlé et Graines de tournesol ingrédients : Farine de Maïs\r\nFarine de Blé T65\r\nLevain de Blé, eau, sel\r\nGraines de tournesol\r\nCurcuma",
    "prix": 3.69,
    "unite": 1,
    "image_filename": null
  },
  {
    "id": 5434,
    "catalog_file_id": 246,
    "produit": "Pain Intégral Grand Moulé 1300 g",
    "description": "Pain au levain de seigle, réalisé avec l'intégralité du grain de blé.  Très riche en fibres et minéraux ingrédients : Farine de Blé T80, Rémoulage, son gros, son fin,  levain de Seigle T170, eau, sel",
    "prix": 4.59,
    "unite": 1,
    "image_filename": null
  },
  {
    "id": 5435,
    "catalog_file_id": 246,
    "produit": "Pain aux Noix Grand Moulé 1300 g",
    "description": "Un pain aux noix concassées et réhydratées, sur la base du pain de Campagne.  ingrédients : Farine de Blé T80, levain de Seigle T170, Noix, eau, sel",
    "prix": 8.23,
    "unite": 1,
    "image_filename": null
  },
  {
    "id": 5436,
    "catalog_file_id": 246,
    "produit": "Brioche 450 g",
    "description": "Brioche au beurre Isigny Sainte Mère AOP et aux oeufs. Pas de lait ni d'eau. ingrédients : Farine de Blé T65, Levain de laitOeufs entiers, beurre Isigny St Mère, sucre de canne, sel, levure ",
    "prix": 6.18,
    "unite": 1,
    "image_filename": null
  },
  {
    "id": 5437,
    "catalog_file_id": 246,
    "produit": "Brioche Provençale \"Pompe à l'huile\"",
    "description": "Brioche sans beurre ni œuf, dessert traditionnel du diner des apôtres,\r\nNaturellement Vegan ingrédients : Farine de Blé T65\r\nLevain de Blé\r\nEau, sel, levure\r\nHuile d'Olive",
    "prix": 1.58,
    "unite": 1,
    "image_filename": null
  },
  {
    "id": 5438,
    "catalog_file_id": 246,
    "produit": "Shokupan 500 g",
    "description": "Pain de Mie de tradition Japonaise réalisée sur 3 pâtes et au levain de Panettone. \r\nConservation exceptionnelle de 10 jours sous film.\r\n10cm x 10cm x 19 cm ingrédients : Farine de Blé T55,\r\nLevain de Panettone\r\nLait, eau, sucre de canne, beurre isigny sainte mère,\r\nsel",
    "prix": 4.85,
    "unite": 1,
    "image_filename": null
  },
  {
    "id": 5439,
    "catalog_file_id": 246,
    "produit": "Pain de Riz et Sorgho aux graines en petit moule 500 g",
    "description": "Base du pain de riz et Sorgho, \r\nMélange de graines oléagineuses\r\n ingrédients : Farine de Riz\r\nfarine de sorgho\r\neau, sel, levain, huile d'olive\r\n\r\nLin brun, lin doré, pavot, sésame, tournesol.",
    "prix": 4.91,
    "unite": 1,
    "image_filename": null
  },
  {
    "id": 5440,
    "catalog_file_id": 246,
    "produit": "Roulé Cannelle 100 g",
    "description": "Sur une base de pain au lait, incorporation d'un beurre cannelle, puis tressage. ingrédients : Farine de Blé T65, lait, oeuf, beurre, sucre, sel, cannelle, levure",
    "prix": 1.69,
    "unite": 1,
    "image_filename": null
  },
  {
    "id": 5441,
    "catalog_file_id": 246,
    "produit": "Shokupan 1400 g",
    "description": "Pain de Mie de tradition Japonaise réalisée sur 3 pâtes et au levain de Panettone. \r\nConservation exceptionnelle de 10 jours sous film.\r\n11cm x 11cm x 36 cm ingrédients : Farine de Blé T55,\r\nLevain de Panettone\r\nLait, eau, sucre de canne, beurre isigny sainte mère,\r\nsel",
    "prix": 11.92,
    "unite": 1,
    "image_filename": null
  },
  {
    "id": 5442,
    "catalog_file_id": 246,
    "produit": "Crackers",
    "description": "Crackers au levain de seigle et graines oléagineuses, huile d'olive, origan ingrédients : Farine de Blé T80\r\nFarine de Seigle T170\r\neau, sel, Lin Brun, Lin doré, Pavot, Sésame , Tournesol, Huile d'Olive, Origan",
    "prix": 15.09,
    "unite": 1,
    "image_filename": null
  },
  {
    "id": 5443,
    "catalog_file_id": 246,
    "produit": "Cookies Noix-Noisettes-Chocolat",
    "description": "Cookies de 70 g\r\nGénéreusement garni de Noix, Noisettes et Chocolat ingrédients : Farine de Blé T65,\r\nOeufs entier, Beurre Isisgny Ste Mère, Sucre de Canne, \r\nNoix, Noisettes, Chocolat noir 66%\r\nsel, poudre levante",
    "prix": 1,
    "unite": 1,
    "image_filename": null
  },
  {
    "id": 5444,
    "catalog_file_id": 246,
    "produit": "Canistrellis",
    "description": "Biscuits de tradition Corse, à l'anis, huile d'olive et vin blanc ingrédients : Farine de Blé T65,\r\nhuile d'olive, vin blanc, sucre, sel, graines d'anis, poudre levante",
    "prix": 15.56,
    "unite": 1,
    "image_filename": null
  },
  {
    "id": 5445,
    "catalog_file_id": 246,
    "produit": "Brownie",
    "description": "Brownie aux Noix et chocolat noir 66% ingrédients : Farine de Blé T65\r\n Beurre Isigny St Mère, Œuf entier, sucre, noix, sel, poudre levante",
    "prix": 2.69,
    "unite": 1,
    "image_filename": null
  },
  {
    "id": 5446,
    "catalog_file_id": 246,
    "produit": "Pain de Campagne Grand Moulé 1300g",
    "description": "Pain de Campagne cuit en moule rectangulaire. ingrédients : Farine de Blé T80, levain de Seigle T170, eau, sel",
    "prix": 4.43,
    "unite": 1,
    "image_filename": null
  },
  {
    "id": 5447,
    "catalog_file_id": 246,
    "produit": "Cake au citron",
    "description": "Pour les amoureux du citron !\r\nZest de citron, jus de citron, citron confit, sirop de citron. ingrédients : Farine de Blé T65,\r\nCitron jaune\r\nSucre de canne, Œuf entier, beurre Isigny Ste Mère, amidon de Maïs, sel ",
    "prix": 7.91,
    "unite": 1,
    "image_filename": null
  },
  {
    "id": 5448,
    "catalog_file_id": 246,
    "produit": "Pain de Campagne Grand Moulé 1500g",
    "description": "Pain de Campagne cuit en moule rectangulaire. ingrédients : Farine de Blé T80, levain de Seigle T170, eau, sel",
    "prix": 4.43,
    "unite": 1,
    "image_filename": null
  },
  {
    "id": 5449,
    "catalog_file_id": 246,
    "produit": "Pain de Campagne Banneton 1000 g",
    "description": "Pain façonné en banneton osier et cuit à même sur la sole du four. Une croûte profonde et mie ouverte. ingrédients : Farine de Blé T80, levain de Seigle T170, eau, sel",
    "prix": 4.43,
    "unite": 1,
    "image_filename": null
  },
  {
    "id": 5450,
    "catalog_file_id": 246,
    "produit": "Sechskornbröt Petit moulé 500 g",
    "description": "Farine de Seigle Complet Blé semi complet Levain de seigle Sel et eau Tournesol, flocon d'avoine, lin brun, lin doré, graines de courge",
    "prix": 2.95,
    "unite": 1,
    "image_filename": null
  },
  {
    "id": 5451,
    "catalog_file_id": 246,
    "produit": "Pain aux graines Grand Moulé 1300g",
    "description": "Pain aux graines oléagineuses sur base de pain de campagne.  ingrédients : Farine de Blé T80, levain de Seigle T170, lin brun, lin doré, tournesol, sésame, pavot, eau, sel",
    "prix": 5.05,
    "unite": 1,
    "image_filename": null
  },
  {
    "id": 5452,
    "catalog_file_id": 246,
    "produit": "Pain aux graines Banneton 1000g",
    "description": "Pain façonné en banneton osier et cuit à même sur la sole du four. Une croûte profonde et mie ouverte. ingrédients : Farine de Blé T80, levain de Seigle T170, lin brun, lin doré, tournesol, sésame, pavot, eau, sel",
    "prix": 5.05,
    "unite": 1,
    "image_filename": null
  },
  {
    "id": 5453,
    "catalog_file_id": 246,
    "produit": "Brioche 900 g",
    "description": "Brioche au beurre Isigny Sainte Mère AOP et aux oeufs. Pas de lait ni d'eau. ingrédients : Farine de Blé T65, \r\nLevain de lait\r\nOeufs entiers, beurre Isigny St Mère, \r\nsucre de canne, sel, levure ",
    "prix": 12.55,
    "unite": 1,
    "image_filename": null
  },
  {
    "id": 5454,
    "catalog_file_id": 247,
    "produit": "Pain de Campagne Miche 2000 g",
    "description": "Gros pain de 2 kg, très longue cuisson.  ingrédients : Farine de Blé T80, levain de Seigle T170, eau, sel",
    "prix": 4.43,
    "unite": 1,
    "image_filename": null
  },
  {
    "id": 5455,
    "catalog_file_id": 247,
    "produit": "Petit Epeautre petit moule 500 g",
    "description": "Pain à la farine de Petit épeautre complet (engrain), et au levain de petit épeautre complet.\r\nTerroir AOP des Alpes de Haute Provence\r\nTrès riche en protéine et pauvre en gluten. ingrédients : Farine de Petit Epeautre complet\r\nlevain de Petit Epeautre, \r\neau, sel",
    "prix": 3.8,
    "unite": 1,
    "image_filename": null
  },
  {
    "id": 5456,
    "catalog_file_id": 247,
    "produit": "Roulé Cannelle 100 g",
    "description": "Sur une base de pain au lait, incorporation d'un beurre cannelle, puis tressage. ingrédients : Farine de Blé T65, lait, oeuf, beurre, sucre, sel, cannelle, levure",
    "prix": 1.69,
    "unite": 1,
    "image_filename": null
  },
  {
    "id": 5457,
    "catalog_file_id": 247,
    "produit": "Pain de Méteil en Boule 1000 g",
    "description": "Pain rustique mi blé mi seigle au levain de seigle ingrédients : Farine de Blé T80\r\nFarine de Seigle T70\r\neau, sel, levain de seigle",
    "prix": 4.91,
    "unite": 1,
    "image_filename": null
  },
  {
    "id": 5458,
    "catalog_file_id": 247,
    "produit": "Pain Complet Banneton 1000 g",
    "description": "Pain complet riche en fibres et minéraux, sans acide phytique grâce à la longue fermentation au levain. ingrédients : Pain complet riche en fibres et minéraux, sans acide phytique grâce à la longue fermentation au levain.",
    "prix": 4.59,
    "unite": 1,
    "image_filename": null
  },
  {
    "id": 5459,
    "catalog_file_id": 247,
    "produit": "Pain au Maïs en petit moules 500 g",
    "description": "Farine de Maïs Ancien Grand Roux Basque\r\nBlé et Graines de tournesol ingrédients : Farine de Maïs\r\nFarine de Blé T65\r\nLevain de Blé, eau, sel\r\nGraines de tournesol\r\nCurcuma",
    "prix": 3.69,
    "unite": 1,
    "image_filename": null
  },
  {
    "id": 5460,
    "catalog_file_id": 247,
    "produit": "Pain complet Grand Moulé 1300g",
    "description": "Pain complet riche en fibres et minéraux, sans acide phytique grâce à la longue fermentation au levain. ingrédients : Farine de Blé T80, Rémoulage, son fin,  levain de Seigle T170, eau, sel",
    "prix": 4.59,
    "unite": 1,
    "image_filename": null
  },
  {
    "id": 5461,
    "catalog_file_id": 247,
    "produit": "Brioche 450 g",
    "description": "Brioche au beurre Isigny Sainte Mère AOP et aux oeufs. Pas de lait ni d'eau. ingrédients : Farine de Blé T65, Levain de laitOeufs entiers, beurre Isigny St Mère, sucre de canne, sel, levure ",
    "prix": 6.18,
    "unite": 1,
    "image_filename": null
  },
  {
    "id": 5462,
    "catalog_file_id": 247,
    "produit": "Brioche 900 g",
    "description": "Brioche au beurre Isigny Sainte Mère AOP et aux oeufs. Pas de lait ni d'eau. ingrédients : Farine de Blé T65, \r\nLevain de lait\r\nOeufs entiers, beurre Isigny St Mère, \r\nsucre de canne, sel, levure ",
    "prix": 12.55,
    "unite": 1,
    "image_filename": null
  },
  {
    "id": 5463,
    "catalog_file_id": 247,
    "produit": "Brioche Provençale \"Pompe à l'huile\"",
    "description": "Brioche sans beurre ni œuf, dessert traditionnel du diner des apôtres,\r\nNaturellement Vegan ingrédients : Farine de Blé T65\r\nLevain de Blé\r\nEau, sel, levure\r\nHuile d'Olive",
    "prix": 1.58,
    "unite": 1,
    "image_filename": null
  },
  {
    "id": 5464,
    "catalog_file_id": 247,
    "produit": "Cookies Noix-Noisettes-Chocolat",
    "description": "Cookies de 70 g\r\nGénéreusement garni de Noix, Noisettes et Chocolat ingrédients : Farine de Blé T65,\r\nOeufs entier, Beurre Isisgny Ste Mère, Sucre de Canne, \r\nNoix, Noisettes, Chocolat noir 66%\r\nsel, poudre levante",
    "prix": 1,
    "unite": 1,
    "image_filename": null
  },
  {
    "id": 5465,
    "catalog_file_id": 247,
    "produit": "Canistrellis",
    "description": "Biscuits de tradition Corse, à l'anis, huile d'olive et vin blanc ingrédients : Farine de Blé T65,\r\nhuile d'olive, vin blanc, sucre, sel, graines d'anis, poudre levante",
    "prix": 15.56,
    "unite": 1,
    "image_filename": null
  },
  {
    "id": 5466,
    "catalog_file_id": 247,
    "produit": "Pain de Campagne Grand Moulé 1300g",
    "description": "Pain de Campagne cuit en moule rectangulaire. ingrédients : Farine de Blé T80, levain de Seigle T170, eau, sel",
    "prix": 4.43,
    "unite": 1,
    "image_filename": null
  },
  {
    "id": 5467,
    "catalog_file_id": 247,
    "produit": "Pain de Campagne Banneton 1000 g",
    "description": "Pain façonné en banneton osier et cuit à même sur la sole du four. Une croûte profonde et mie ouverte. ingrédients : Farine de Blé T80, levain de Seigle T170, eau, sel",
    "prix": 4.43,
    "unite": 1,
    "image_filename": null
  },
  {
    "id": 5468,
    "catalog_file_id": 247,
    "produit": "Brownie",
    "description": "Brownie aux Noix et chocolat noir 66% ingrédients : Farine de Blé T65\r\n Beurre Isigny St Mère, Œuf entier, sucre, noix, sel, poudre levante",
    "prix": 2.69,
    "unite": 1,
    "image_filename": null
  },
  {
    "id": 5469,
    "catalog_file_id": 247,
    "produit": "Cake au citron",
    "description": "Pour les amoureux du citron !\r\nZest de citron, jus de citron, citron confit, sirop de citron. ingrédients : Farine de Blé T65,\r\nCitron jaune\r\nSucre de canne, Œuf entier, beurre Isigny Ste Mère, amidon de Maïs, sel ",
    "prix": 7.91,
    "unite": 1,
    "image_filename": null
  },
  {
    "id": 5470,
    "catalog_file_id": 247,
    "produit": "Pain de Campagne Grand Moulé 1500g",
    "description": "Pain de Campagne cuit en moule rectangulaire. ingrédients : Farine de Blé T80, levain de Seigle T170, eau, sel",
    "prix": 4.43,
    "unite": 1,
    "image_filename": null
  },
  {
    "id": 5471,
    "catalog_file_id": 247,
    "produit": "Sechskornbröt Petit moulé 500 g",
    "description": "Farine de Seigle Complet Blé semi complet Levain de seigle Sel et eau Tournesol, flocon d'avoine, lin brun, lin doré, graines de courge",
    "prix": 2.95,
    "unite": 1,
    "image_filename": null
  },
  {
    "id": 5472,
    "catalog_file_id": 247,
    "produit": "Pain aux Noix Grand Moulé 1300 g",
    "description": "Un pain aux noix concassées et réhydratées, sur la base du pain de Campagne.  ingrédients : Farine de Blé T80, levain de Seigle T170, Noix, eau, sel",
    "prix": 8.23,
    "unite": 1,
    "image_filename": null
  },
  {
    "id": 5473,
    "catalog_file_id": 247,
    "produit": "Pain aux graines Banneton 1000g",
    "description": "Pain façonné en banneton osier et cuit à même sur la sole du four. Une croûte profonde et mie ouverte. ingrédients : Farine de Blé T80, levain de Seigle T170, lin brun, lin doré, tournesol, sésame, pavot, eau, sel",
    "prix": 5.05,
    "unite": 1,
    "image_filename": null
  },
  {
    "id": 5474,
    "catalog_file_id": 247,
    "produit": "Pain aux graines Grand Moulé 1300g",
    "description": "Pain aux graines oléagineuses sur base de pain de campagne.  ingrédients : Farine de Blé T80, levain de Seigle T170, lin brun, lin doré, tournesol, sésame, pavot, eau, sel",
    "prix": 5.05,
    "unite": 1,
    "image_filename": null
  },
  {
    "id": 5475,
    "catalog_file_id": 247,
    "produit": "Pain Généreux Grand Moulé 1300g",
    "description": "Pain aux fruits sec et fruits à coque, enveloppé dans des flocons d'avoine. ingrédients : Farine de Blé T80, levain de Seigle T170, Noisettes, Abricots, raisins de corinthe, flocons d'avoines, graines de courge, eau, sel",
    "prix": 6.7,
    "unite": 1,
    "image_filename": null
  },
  {
    "id": 5476,
    "catalog_file_id": 247,
    "produit": "Pain de Campagne Moule Fermé 1500 g",
    "description": "Pain de Campagne cuit en moule fermé.\r\nIl a une forme parfaitement rectangulaire, et très peu de croûte ingrédients : Farine de Blé T80, levain de Seigle T170, eau, sel",
    "prix": 4.43,
    "unite": 1,
    "image_filename": null
  },
  {
    "id": 5477,
    "catalog_file_id": 247,
    "produit": "Pain aux graines Miche 2000 g",
    "description": "Gros pain de 2 kg, très longue cuisson.  ingrédients : Farine de Blé T80, levain de Seigle T170, lin brun, lin doré, tournesol, sésame, pavot, eau, sel",
    "prix": 5.05,
    "unite": 1,
    "image_filename": null
  },
  {
    "id": 5478,
    "catalog_file_id": 247,
    "produit": "Pain de Riz et Sorgho petit moule 500 g",
    "description": "Farines de Riz et de Sorgho, naturellement sans gluten, Huile d'olive. ingrédients : Farine de Riz\r\nFarine de Sorgho\r\nEau, sel, huile d'olive, levain et levure",
    "prix": 4.59,
    "unite": 1,
    "image_filename": null
  },
  {
    "id": 5479,
    "catalog_file_id": 247,
    "produit": "Petit Epeautre Grand  moule 1300 g",
    "description": "Pain à la farine de Petit épeautre complet (engrain), et au levain de petit épeautre complet.\r\nTerroir AOP des Alpes de Haute Provence\r\nTrès riche en protéine et pauvre en gluten. ingrédients : Farine de Petit Epeautre complet\r\nlevain de Petit Epeautre, \r\neau, sel",
    "prix": 8.02,
    "unite": 1,
    "image_filename": null
  },
  {
    "id": 5480,
    "catalog_file_id": 247,
    "produit": "Pain de Khorasan en boule de 800 g",
    "description": "Farine de Blé dur ancien de variété Khorasan.  ingrédients : Farine de Khorasan \r\nLevain de Khorasan\r\neau, sel",
    "prix": 6.27,
    "unite": 1,
    "image_filename": null
  },
  {
    "id": 5481,
    "catalog_file_id": 247,
    "produit": "Pain Intégral Grand Moulé 1300 g",
    "description": "Pain au levain de seigle, réalisé avec l'intégralité du grain de blé.  Très riche en fibres et minéraux ingrédients : Farine de Blé T80, Rémoulage, son gros, son fin,  levain de Seigle T170, eau, sel",
    "prix": 4.59,
    "unite": 1,
    "image_filename": null
  },
  {
    "id": 5482,
    "catalog_file_id": 247,
    "produit": "Pain de Riz et Sorgho aux graines en petit moule 500 g",
    "description": "Base du pain de riz et Sorgho, \r\nMélange de graines oléagineuses\r\n ingrédients : Farine de Riz\r\nfarine de sorgho\r\neau, sel, levain, huile d'olive\r\n\r\nLin brun, lin doré, pavot, sésame, tournesol.",
    "prix": 4.91,
    "unite": 1,
    "image_filename": null
  },
  {
    "id": 5483,
    "catalog_file_id": 248,
    "produit": "Pain aux graines Miche 2000 g",
    "description": "Gros pain de 2 kg, très longue cuisson.  ingrédients : Farine de Blé T80, levain de Seigle T170, lin brun, lin doré, tournesol, sésame, pavot, eau, sel",
    "prix": 5.05,
    "unite": 1,
    "image_filename": null
  },
  {
    "id": 5484,
    "catalog_file_id": 248,
    "produit": "Petit Epeautre petit moule 500 g",
    "description": "Pain à la farine de Petit épeautre complet (engrain), et au levain de petit épeautre complet.\r\nTerroir AOP des Alpes de Haute Provence\r\nTrès riche en protéine et pauvre en gluten. ingrédients : Farine de Petit Epeautre complet\r\nlevain de Petit Epeautre, \r\neau, sel",
    "prix": 3.8,
    "unite": 1,
    "image_filename": null
  },
  {
    "id": 5485,
    "catalog_file_id": 248,
    "produit": "Pain de Campagne Miche 2000 g",
    "description": "Gros pain de 2 kg, très longue cuisson.  ingrédients : Farine de Blé T80, levain de Seigle T170, eau, sel",
    "prix": 4.43,
    "unite": 1,
    "image_filename": null
  },
  {
    "id": 5486,
    "catalog_file_id": 248,
    "produit": "Pain de Campagne Moule Fermé 1500 g",
    "description": "Pain de Campagne cuit en moule fermé.\r\nIl a une forme parfaitement rectangulaire, et très peu de croûte ingrédients : Farine de Blé T80, levain de Seigle T170, eau, sel",
    "prix": 4.43,
    "unite": 1,
    "image_filename": null
  },
  {
    "id": 5487,
    "catalog_file_id": 248,
    "produit": "Pain de Riz et Sorgho petit moule 500 g",
    "description": "Farines de Riz et de Sorgho, naturellement sans gluten, Huile d'olive. ingrédients : Farine de Riz\r\nFarine de Sorgho\r\nEau, sel, huile d'olive, levain et levure",
    "prix": 4.59,
    "unite": 1,
    "image_filename": null
  },
  {
    "id": 5488,
    "catalog_file_id": 248,
    "produit": "Pain Généreux Grand Moulé 1300g",
    "description": "Pain aux fruits sec et fruits à coque, enveloppé dans des flocons d'avoine. ingrédients : Farine de Blé T80, levain de Seigle T170, Noisettes, Abricots, raisins de corinthe, flocons d'avoines, graines de courge, eau, sel",
    "prix": 6.7,
    "unite": 1,
    "image_filename": null
  },
  {
    "id": 5489,
    "catalog_file_id": 248,
    "produit": "Petit Epeautre Grand  moule 1300 g",
    "description": "Pain à la farine de Petit épeautre complet (engrain), et au levain de petit épeautre complet.\r\nTerroir AOP des Alpes de Haute Provence\r\nTrès riche en protéine et pauvre en gluten. ingrédients : Farine de Petit Epeautre complet\r\nlevain de Petit Epeautre, \r\neau, sel",
    "prix": 8.02,
    "unite": 1,
    "image_filename": null
  },
  {
    "id": 5490,
    "catalog_file_id": 248,
    "produit": "Pain Complet Banneton 1000 g",
    "description": "Pain complet riche en fibres et minéraux, sans acide phytique grâce à la longue fermentation au levain. ingrédients : Pain complet riche en fibres et minéraux, sans acide phytique grâce à la longue fermentation au levain.",
    "prix": 4.59,
    "unite": 1,
    "image_filename": null
  },
  {
    "id": 5491,
    "catalog_file_id": 248,
    "produit": "Pain au Maïs en petit moules 500 g",
    "description": "Farine de Maïs Ancien Grand Roux Basque\r\nBlé et Graines de tournesol ingrédients : Farine de Maïs\r\nFarine de Blé T65\r\nLevain de Blé, eau, sel\r\nGraines de tournesol\r\nCurcuma",
    "prix": 3.69,
    "unite": 1,
    "image_filename": null
  },
  {
    "id": 5492,
    "catalog_file_id": 248,
    "produit": "Pain Intégral Grand Moulé 1300 g",
    "description": "Pain au levain de seigle, réalisé avec l'intégralité du grain de blé.  Très riche en fibres et minéraux ingrédients : Farine de Blé T80, Rémoulage, son gros, son fin,  levain de Seigle T170, eau, sel",
    "prix": 4.59,
    "unite": 1,
    "image_filename": null
  },
  {
    "id": 5493,
    "catalog_file_id": 248,
    "produit": "Pain aux Noix Grand Moulé 1300 g",
    "description": "Un pain aux noix concassées et réhydratées, sur la base du pain de Campagne.  ingrédients : Farine de Blé T80, levain de Seigle T170, Noix, eau, sel",
    "prix": 8.23,
    "unite": 1,
    "image_filename": null
  },
  {
    "id": 5494,
    "catalog_file_id": 248,
    "produit": "Brioche 450 g",
    "description": "Brioche au beurre Isigny Sainte Mère AOP et aux oeufs. Pas de lait ni d'eau. ingrédients : Farine de Blé T65, Levain de laitOeufs entiers, beurre Isigny St Mère, sucre de canne, sel, levure ",
    "prix": 6.18,
    "unite": 1,
    "image_filename": null
  },
  {
    "id": 5495,
    "catalog_file_id": 248,
    "produit": "Brioche Provençale \"Pompe à l'huile\"",
    "description": "Brioche sans beurre ni œuf, dessert traditionnel du diner des apôtres,\r\nNaturellement Vegan ingrédients : Farine de Blé T65\r\nLevain de Blé\r\nEau, sel, levure\r\nHuile d'Olive",
    "prix": 1.58,
    "unite": 1,
    "image_filename": null
  },
  {
    "id": 5496,
    "catalog_file_id": 248,
    "produit": "Pain de Riz et Sorgho aux graines en petit moule 500 g",
    "description": "Base du pain de riz et Sorgho, \r\nMélange de graines oléagineuses\r\n ingrédients : Farine de Riz\r\nfarine de sorgho\r\neau, sel, levain, huile d'olive\r\n\r\nLin brun, lin doré, pavot, sésame, tournesol.",
    "prix": 4.91,
    "unite": 1,
    "image_filename": null
  },
  {
    "id": 5497,
    "catalog_file_id": 248,
    "produit": "Roulé Cannelle 100 g",
    "description": "Sur une base de pain au lait, incorporation d'un beurre cannelle, puis tressage. ingrédients : Farine de Blé T65, lait, oeuf, beurre, sucre, sel, cannelle, levure",
    "prix": 1.69,
    "unite": 1,
    "image_filename": null
  },
  {
    "id": 5498,
    "catalog_file_id": 248,
    "produit": "Shokupan 1400 g",
    "description": "Pain de Mie de tradition Japonaise réalisée sur 3 pâtes et au levain de Panettone. \r\nConservation exceptionnelle de 10 jours sous film.\r\n11cm x 11cm x 36 cm ingrédients : Farine de Blé T55,\r\nLevain de Panettone\r\nLait, eau, sucre de canne, beurre isigny sainte mère,\r\nsel",
    "prix": 11.92,
    "unite": 1,
    "image_filename": null
  },
  {
    "id": 5499,
    "catalog_file_id": 248,
    "produit": "Crackers",
    "description": "Crackers au levain de seigle et graines oléagineuses, huile d'olive, origan ingrédients : Farine de Blé T80\r\nFarine de Seigle T170\r\neau, sel, Lin Brun, Lin doré, Pavot, Sésame , Tournesol, Huile d'Olive, Origan",
    "prix": 15.09,
    "unite": 1,
    "image_filename": null
  },
  {
    "id": 5500,
    "catalog_file_id": 248,
    "produit": "Cookies Noix-Noisettes-Chocolat",
    "description": "Cookies de 70 g\r\nGénéreusement garni de Noix, Noisettes et Chocolat ingrédients : Farine de Blé T65,\r\nOeufs entier, Beurre Isisgny Ste Mère, Sucre de Canne, \r\nNoix, Noisettes, Chocolat noir 66%\r\nsel, poudre levante",
    "prix": 1,
    "unite": 1,
    "image_filename": null
  },
  {
    "id": 5501,
    "catalog_file_id": 248,
    "produit": "Canistrellis",
    "description": "Biscuits de tradition Corse, à l'anis, huile d'olive et vin blanc ingrédients : Farine de Blé T65,\r\nhuile d'olive, vin blanc, sucre, sel, graines d'anis, poudre levante",
    "prix": 15.56,
    "unite": 1,
    "image_filename": null
  },
  {
    "id": 5502,
    "catalog_file_id": 248,
    "produit": "Brownie",
    "description": "Brownie aux Noix et chocolat noir 66% ingrédients : Farine de Blé T65\r\n Beurre Isigny St Mère, Œuf entier, sucre, noix, sel, poudre levante",
    "prix": 2.69,
    "unite": 1,
    "image_filename": null
  },
  {
    "id": 5503,
    "catalog_file_id": 248,
    "produit": "Pain de Campagne Grand Moulé 1300g",
    "description": "Pain de Campagne cuit en moule rectangulaire. ingrédients : Farine de Blé T80, levain de Seigle T170, eau, sel",
    "prix": 4.43,
    "unite": 1,
    "image_filename": null
  },
  {
    "id": 5504,
    "catalog_file_id": 248,
    "produit": "Cake au citron",
    "description": "Pour les amoureux du citron !\r\nZest de citron, jus de citron, citron confit, sirop de citron. ingrédients : Farine de Blé T65,\r\nCitron jaune\r\nSucre de canne, Œuf entier, beurre Isigny Ste Mère, amidon de Maïs, sel ",
    "prix": 7.91,
    "unite": 1,
    "image_filename": null
  },
  {
    "id": 5505,
    "catalog_file_id": 248,
    "produit": "Pain de Campagne Grand Moulé 1500g",
    "description": "Pain de Campagne cuit en moule rectangulaire. ingrédients : Farine de Blé T80, levain de Seigle T170, eau, sel",
    "prix": 4.43,
    "unite": 1,
    "image_filename": null
  },
  {
    "id": 5506,
    "catalog_file_id": 248,
    "produit": "Pain de Campagne Banneton 1000 g",
    "description": "Pain façonné en banneton osier et cuit à même sur la sole du four. Une croûte profonde et mie ouverte. ingrédients : Farine de Blé T80, levain de Seigle T170, eau, sel",
    "prix": 4.43,
    "unite": 1,
    "image_filename": null
  },
  {
    "id": 5507,
    "catalog_file_id": 248,
    "produit": "Sechskornbröt Petit moulé 500 g",
    "description": "Farine de Seigle Complet Blé semi complet Levain de seigle Sel et eau Tournesol, flocon d'avoine, lin brun, lin doré, graines de courge",
    "prix": 2.95,
    "unite": 1,
    "image_filename": null
  },
  {
    "id": 5508,
    "catalog_file_id": 248,
    "produit": "Pain aux graines Grand Moulé 1300g",
    "description": "Pain aux graines oléagineuses sur base de pain de campagne.  ingrédients : Farine de Blé T80, levain de Seigle T170, lin brun, lin doré, tournesol, sésame, pavot, eau, sel",
    "prix": 5.05,
    "unite": 1,
    "image_filename": null
  },
  {
    "id": 5509,
    "catalog_file_id": 248,
    "produit": "Pain aux graines Banneton 1000g",
    "description": "Pain façonné en banneton osier et cuit à même sur la sole du four. Une croûte profonde et mie ouverte. ingrédients : Farine de Blé T80, levain de Seigle T170, lin brun, lin doré, tournesol, sésame, pavot, eau, sel",
    "prix": 5.05,
    "unite": 1,
    "image_filename": null
  },
  {
    "id": 5510,
    "catalog_file_id": 248,
    "produit": "Brioche 900 g",
    "description": "Brioche au beurre Isigny Sainte Mère AOP et aux oeufs. Pas de lait ni d'eau. ingrédients : Farine de Blé T65, \r\nLevain de lait\r\nOeufs entiers, beurre Isigny St Mère, \r\nsucre de canne, sel, levure ",
    "prix": 12.55,
    "unite": 1,
    "image_filename": null
  },
  {
    "id": 5511,
    "catalog_file_id": 248,
    "produit": "Pain complet Grand Moulé 1300g",
    "description": "Pain complet riche en fibres et minéraux, sans acide phytique grâce à la longue fermentation au levain. ingrédients : Farine de Blé T80, Rémoulage, son fin,  levain de Seigle T170, eau, sel",
    "prix": 4.59,
    "unite": 1,
    "image_filename": null
  },
  {
    "id": 5512,
    "catalog_file_id": 248,
    "produit": "Shokupan 500 g",
    "description": "Pain de Mie de tradition Japonaise réalisée sur 3 pâtes et au levain de Panettone. \r\nConservation exceptionnelle de 10 jours sous film.\r\n10cm x 10cm x 19 cm ingrédients : Farine de Blé T55,\r\nLevain de Panettone\r\nLait, eau, sucre de canne, beurre isigny sainte mère,\r\nsel",
    "prix": 4.85,
    "unite": 1,
    "image_filename": null
  },
  {
    "id": 5513,
    "catalog_file_id": 249,
    "produit": "Poitrine entière ",
    "description": "environ 4 kg à 10 € le kg",
    "prix": 40,
    "unite": 1,
    "image_filename": null
  },
  {
    "id": 5514,
    "catalog_file_id": 249,
    "produit": "Longe entière sans os",
    "description": "environ 6 kg à 12,50 € le kg ",
    "prix": 75,
    "unite": 1,
    "image_filename": null
  },
  {
    "id": 5515,
    "catalog_file_id": 249,
    "produit": "Mélange prêt pour pâté",
    "description": "viande avec foie déjà salé et poivré vendu au kg",
    "prix": 11,
    "unite": 1,
    "image_filename": null
  },
  {
    "id": 5516,
    "catalog_file_id": 249,
    "produit": "foie",
    "description": "vendu au kg",
    "prix": 6.5,
    "unite": 1,
    "image_filename": null
  },
  {
    "id": 5517,
    "catalog_file_id": 249,
    "produit": "capeline",
    "description": "vendu au kg",
    "prix": 4,
    "unite": 1,
    "image_filename": null
  },
  {
    "id": 5518,
    "catalog_file_id": 249,
    "produit": "gorge",
    "description": "vendu au kg",
    "prix": 6.5,
    "unite": 1,
    "image_filename": null
  },
  {
    "id": 5519,
    "catalog_file_id": 250,
    "produit": "Araignee de porc  La ferme d'Arracq",
    "description": " Sous vide environ 300 G ",
    "prix": 5.64,
    "unite": 1,
    "image_filename": null
  },
  {
    "id": 5520,
    "catalog_file_id": 250,
    "produit": "Rôti ",
    "description": "Sous vide environ 800g",
    "prix": 23.12,
    "unite": 1,
    "image_filename": null
  },
  {
    "id": 5521,
    "catalog_file_id": 250,
    "produit": "Lardons séchés La ferme d'Arracq",
    "description": "Sous vide environ 200 G \r\n ",
    "prix": 3.54,
    "unite": 1,
    "image_filename": null
  },
  {
    "id": 5522,
    "catalog_file_id": 250,
    "produit": "Chipolata par 5 La ferme d'Arracq",
    "description": "Sous vide environ 350 G ",
    "prix": 5.02,
    "unite": 1,
    "image_filename": null
  },
  {
    "id": 5523,
    "catalog_file_id": 250,
    "produit": "graisserons",
    "description": "pot de 190 gr",
    "prix": 3.94,
    "unite": 1,
    "image_filename": null
  },
  {
    "id": 5524,
    "catalog_file_id": 250,
    "produit": "Filet mignon La ferme d'Arracq",
    "description": " Sous vide environ 600 G ",
    "prix": 10.7,
    "unite": 1,
    "image_filename": null
  },
  {
    "id": 5525,
    "catalog_file_id": 250,
    "produit": "Boudin noir boyaux",
    "description": "sous vide 240 gr env. 14,35/kg",
    "prix": 3.45,
    "unite": 1,
    "image_filename": null
  },
  {
    "id": 5526,
    "catalog_file_id": 250,
    "produit": "Saucisse de Toulouse par 3 La Ferme d'Arracq",
    "description": "Sous vide environ 250 G ",
    "prix": 3.59,
    "unite": 1,
    "image_filename": null
  },
  {
    "id": 5527,
    "catalog_file_id": 250,
    "produit": "Cote de porc par 3 La ferme d'Arracq",
    "description": " Sous vide environ 600 G ",
    "prix": 7.63,
    "unite": 1,
    "image_filename": null
  },
  {
    "id": 5528,
    "catalog_file_id": 250,
    "produit": "Jambon de Bayonne en quart",
    "description": "Sous vide environ 1kg500",
    "prix": 39.12,
    "unite": 1,
    "image_filename": null
  },
  {
    "id": 5529,
    "catalog_file_id": 250,
    "produit": "Coppa tranchée",
    "description": "Sous vide 100g",
    "prix": 3.93,
    "unite": 1,
    "image_filename": null
  },
  {
    "id": 5530,
    "catalog_file_id": 250,
    "produit": "colis de porc bio prenium 5 KG",
    "description": "2X300 g d'araignée, 1kg200  côte de porc, 1kg200 filet mignon, 1 kg joue de porc, 1 kg rouelle",
    "prix": 95,
    "unite": 1,
    "image_filename": null
  },
  {
    "id": 5531,
    "catalog_file_id": 250,
    "produit": "Sauté ",
    "description": "Sous vide environ 500g",
    "prix": 6.38,
    "unite": 1,
    "image_filename": null
  },
  {
    "id": 5532,
    "catalog_file_id": 250,
    "produit": "Jambon de Bayonne tranché ",
    "description": "Sous vide environ 150 g",
    "prix": 5.67,
    "unite": 1,
    "image_filename": null
  },
  {
    "id": 5533,
    "catalog_file_id": 250,
    "produit": "Lomo séché tranché",
    "description": "Sous vide 100g",
    "prix": 3.93,
    "unite": 1,
    "image_filename": null
  },
  {
    "id": 5534,
    "catalog_file_id": 250,
    "produit": "Saucisson",
    "description": "190 g à 25,66 €/kg",
    "prix": 4.88,
    "unite": 1,
    "image_filename": null
  },
  {
    "id": 5535,
    "catalog_file_id": 250,
    "produit": "Boudin ",
    "description": "bocal 190 g ",
    "prix": 4.04,
    "unite": 1,
    "image_filename": null
  },
  {
    "id": 5536,
    "catalog_file_id": 250,
    "produit": "Pâté armagnac",
    "description": "bocal 190 g ",
    "prix": 4.15,
    "unite": 1,
    "image_filename": null
  },
  {
    "id": 5537,
    "catalog_file_id": 250,
    "produit": "Pâté de tête - Hure",
    "description": "bocal 190 g ",
    "prix": 4.15,
    "unite": 1,
    "image_filename": null
  },
  {
    "id": 5538,
    "catalog_file_id": 250,
    "produit": "Pâté campagne",
    "description": "bocal 190 g ",
    "prix": 4,
    "unite": 1,
    "image_filename": null
  },
  {
    "id": 5539,
    "catalog_file_id": 250,
    "produit": "Pâté piment",
    "description": "bocal 190 g ",
    "prix": 4.07,
    "unite": 1,
    "image_filename": null
  },
  {
    "id": 5540,
    "catalog_file_id": 250,
    "produit": "Rillettes",
    "description": "bocal 190 g ",
    "prix": 4.16,
    "unite": 1,
    "image_filename": null
  },
  {
    "id": 5541,
    "catalog_file_id": 250,
    "produit": "Chair à saucisse La ferme d'Arracq",
    "description": "Sous vide environ 500 G ",
    "prix": 5.95,
    "unite": 1,
    "image_filename": null
  },
  {
    "id": 5542,
    "catalog_file_id": 250,
    "produit": "Txitorra par 5 La ferme d'Arracq",
    "description": "sous vide environ 350 G ",
    "prix": 5.02,
    "unite": 1,
    "image_filename": null
  },
  {
    "id": 5543,
    "catalog_file_id": 250,
    "produit": "Poitrine de porc tranchée par 5 La Ferme d'Arracq",
    "description": "Sous vide environ 250 G ",
    "prix": 2.74,
    "unite": 1,
    "image_filename": null
  },
  {
    "id": 5544,
    "catalog_file_id": 250,
    "produit": "Coustou frais La ferme d'Arracq",
    "description": "Sous vide environ 500 G ",
    "prix": 3.82,
    "unite": 1,
    "image_filename": null
  },
  {
    "id": 5545,
    "catalog_file_id": 250,
    "produit": "Lardons frais La ferme d'Arracq",
    "description": " Sous vide environ 200 G ",
    "prix": 2.67,
    "unite": 1,
    "image_filename": null
  },
  {
    "id": 5546,
    "catalog_file_id": 250,
    "produit": "jambon blanc cuit  4 tranches La ferme d'Arracq",
    "description": "sous vide environ 200 G",
    "prix": 5.99,
    "unite": 1,
    "image_filename": null
  },
  {
    "id": 5547,
    "catalog_file_id": 250,
    "produit": "colis de porc  bio 10 KG",
    "description": "1KG  de chipolatas, poitrine tranchée, saucisses de Toulouse, chair à saucisse, coustou\r\n2X1KG de cotes de porc, 2X1KG sauté de porc,600 G de jarret, 2X200G lardons",
    "prix": 140,
    "unite": 1,
    "image_filename": null
  },
  {
    "id": 5548,
    "catalog_file_id": 250,
    "produit": "colis de porc frais",
    "description": "1 kg de chipolatas, côtes , poitrine tranchée, saucisses de Toulouse, sauté.",
    "prix": 70,
    "unite": 1,
    "image_filename": null
  },
  {
    "id": 5549,
    "catalog_file_id": 250,
    "produit": "joue",
    "description": "sous vide 250 gr   11,82/kg",
    "prix": 2.96,
    "unite": 1,
    "image_filename": null
  },
  {
    "id": 5550,
    "catalog_file_id": 250,
    "produit": "jarret",
    "description": "sous vide 1kg environ",
    "prix": 13.42,
    "unite": 1,
    "image_filename": null
  },
  {
    "id": 5551,
    "catalog_file_id": 250,
    "produit": "rouelle",
    "description": "sous vide 1kg env",
    "prix": 16.83,
    "unite": 1,
    "image_filename": null
  },
  {
    "id": 5552,
    "catalog_file_id": 251,
    "produit": "1 Pave de truite",
    "description": "1x 120 g environ / 25.20 le kilo",
    "prix": 3,
    "unite": 1,
    "image_filename": null
  },
  {
    "id": 5553,
    "catalog_file_id": 251,
    "produit": "1 Filet de truite",
    "description": "Filet entier au prix de 25.20 le kg",
    "prix": 25.2,
    "unite": 1,
    "image_filename": null
  },
  {
    "id": 5554,
    "catalog_file_id": 251,
    "produit": "oeufs de truite truchetet_Unite_",
    "description": "oeufs de truite",
    "prix": 7.6,
    "unite": 1,
    "image_filename": null
  },
  {
    "id": 5556,
    "catalog_file_id": 251,
    "produit": "Truite fumee paquet 150g truchetet_Unite_",
    "description": "Truite fumee paquet 150g ( 4 tranches )",
    "prix": 8.5,
    "unite": 1,
    "image_filename": null
  },
  {
    "id": 5557,
    "catalog_file_id": 251,
    "produit": "Truite fumee paquet 250g_ truchetet_Unite_",
    "description": "Truite fumee paquet 250g (7 tranches)",
    "prix": 13.8,
    "unite": 1,
    "image_filename": null
  },
  {
    "id": 5558,
    "catalog_file_id": 251,
    "produit": "2 pavés de truite",
    "description": "2 x 120 g environ / 25,20 € le kg",
    "prix": 6,
    "unite": 1,
    "image_filename": null
  },
  {
    "id": 5559,
    "catalog_file_id": 251,
    "produit": "3 pavés de truite",
    "description": "3 x 120 g environ / 25,20 le kg",
    "prix": 9,
    "unite": 1,
    "image_filename": null
  },
  {
    "id": 5560,
    "catalog_file_id": 251,
    "produit": "4 pavés de truite",
    "description": "4 x 120 g environ / 25,20 € le kg",
    "prix": 12,
    "unite": 1,
    "image_filename": null
  },
  {
    "id": 5561,
    "catalog_file_id": 251,
    "produit": "5 pavés de truite ",
    "description": "5 x 120 g environ / 25, 20 le kg",
    "prix": 15,
    "unite": 1,
    "image_filename": null
  },
  {
    "id": 5562,
    "catalog_file_id": 251,
    "produit": "8 Pavés de truite",
    "description": "8 x 120 g environ/25,20 le kilo",
    "prix": 24,
    "unite": 1,
    "image_filename": null
  },
  {
    "id": 5563,
    "catalog_file_id": 251,
    "produit": "6 pavés de truite",
    "description": "6x 120g environ / 25,20 le kilo",
    "prix": 18,
    "unite": 1,
    "image_filename": null
  },
  {
    "id": 5564,
    "catalog_file_id": 252,
    "produit": "paquet de 2 cuisses de poulet",
    "description": "8,70 €/kg   400g",
    "prix": 3.48,
    "unite": 1,
    "image_filename": null
  },
  {
    "id": 5565,
    "catalog_file_id": 252,
    "produit": "poulet entier (moyen)",
    "description": "7,50 €/KG    pour 1kg700",
    "prix": 12.75,
    "unite": 1,
    "image_filename": null
  },
  {
    "id": 5566,
    "catalog_file_id": 252,
    "produit": "Coquelet ",
    "description": "8,10 €/kg    pour 850 g",
    "prix": 6.88,
    "unite": 1,
    "image_filename": null
  },
  {
    "id": 5567,
    "catalog_file_id": 252,
    "produit": "pintade",
    "description": "9 €/kg   pour 1kg500",
    "prix": 13.5,
    "unite": 1,
    "image_filename": null
  },
  {
    "id": 5568,
    "catalog_file_id": 252,
    "produit": "Ailes de poulets",
    "description": "Paquet de 6 ailes",
    "prix": 4.8,
    "unite": 1,
    "image_filename": null
  },
  {
    "id": 5569,
    "catalog_file_id": 253,
    "produit": "Poche poissons 2 KG",
    "description": "Assortiment varié de la pêche du jour",
    "prix": 22,
    "unite": 1,
    "image_filename": null
  },
  {
    "id": 5570,
    "catalog_file_id": 253,
    "produit": "Poche poissons 3 KG",
    "description": "Assortiment varié de la pêche du jour",
    "prix": 32,
    "unite": 1,
    "image_filename": null
  },
  {
    "id": 5572,
    "catalog_file_id": 254,
    "produit": "Poke Saumon",
    "description": "",
    "prix": 10.6,
    "unite": 1,
    "image_filename": "article-5572-1768499193172-500864504.webp"
  },
  {
    "id": 5573,
    "catalog_file_id": 254,
    "produit": "CALIFORNIA SAUMON CHEESE",
    "description": "8 pièces ",
    "prix": 6.5,
    "unite": 1,
    "image_filename": "article-5573-1768499375127-122400139.webp"
  },
  {
    "id": 5574,
    "catalog_file_id": 254,
    "produit": "CALI VS NIGIRI",
    "description": "6 nigiri saumon/6 california saumon avocat",
    "prix": 11.54,
    "unite": 1,
    "image_filename": "article-5574-1768499718131-421410888.webp"
  },
  {
    "id": 5575,
    "catalog_file_id": 255,
    "produit": "Tomme entière environ 2kg",
    "description": "27€/kilo",
    "prix": 54,
    "unite": 1,
    "image_filename": null
  },
  {
    "id": 5576,
    "catalog_file_id": 255,
    "produit": "Demi tomme de brebis",
    "description": "environ 1kg 28€/kilo",
    "prix": 28,
    "unite": 1,
    "image_filename": null
  },
  {
    "id": 5577,
    "catalog_file_id": 255,
    "produit": "Quart de tomme de brebis",
    "description": "28€/kilo environ 500g",
    "prix": 14,
    "unite": 1,
    "image_filename": null
  },
  {
    "id": 5578,
    "catalog_file_id": 256,
    "produit": "Pain de Campagne Miche 2000 g",
    "description": "Gros pain de 2 kg, très longue cuisson.  ingrédients : Farine de Blé T80, levain de Seigle T170, eau, sel",
    "prix": 4.43,
    "unite": 1,
    "image_filename": null
  },
  {
    "id": 5579,
    "catalog_file_id": 256,
    "produit": "Petit Epeautre petit moule 500 g",
    "description": "Pain à la farine de Petit épeautre complet (engrain), et au levain de petit épeautre complet.\r\nTerroir AOP des Alpes de Haute Provence\r\nTrès riche en protéine et pauvre en gluten. ingrédients : Farine de Petit Epeautre complet\r\nlevain de Petit Epeautre, \r\neau, sel",
    "prix": 3.8,
    "unite": 1,
    "image_filename": null
  },
  {
    "id": 5580,
    "catalog_file_id": 256,
    "produit": "Roulé Cannelle 100 g",
    "description": "Sur une base de pain au lait, incorporation d'un beurre cannelle, puis tressage. ingrédients : Farine de Blé T65, lait, oeuf, beurre, sucre, sel, cannelle, levure",
    "prix": 1.69,
    "unite": 1,
    "image_filename": null
  },
  {
    "id": 5581,
    "catalog_file_id": 256,
    "produit": "Pain de Méteil en Boule 1000 g",
    "description": "Pain rustique mi blé mi seigle au levain de seigle ingrédients : Farine de Blé T80\r\nFarine de Seigle T70\r\neau, sel, levain de seigle",
    "prix": 4.91,
    "unite": 1,
    "image_filename": null
  },
  {
    "id": 5582,
    "catalog_file_id": 256,
    "produit": "Pain Complet Banneton 1000 g",
    "description": "Pain complet riche en fibres et minéraux, sans acide phytique grâce à la longue fermentation au levain. ingrédients : Pain complet riche en fibres et minéraux, sans acide phytique grâce à la longue fermentation au levain.",
    "prix": 4.59,
    "unite": 1,
    "image_filename": null
  },
  {
    "id": 5583,
    "catalog_file_id": 256,
    "produit": "Pain au Maïs en petit moules 500 g",
    "description": "Farine de Maïs Ancien Grand Roux Basque\r\nBlé et Graines de tournesol ingrédients : Farine de Maïs\r\nFarine de Blé T65\r\nLevain de Blé, eau, sel\r\nGraines de tournesol\r\nCurcuma",
    "prix": 3.69,
    "unite": 1,
    "image_filename": null
  },
  {
    "id": 5584,
    "catalog_file_id": 256,
    "produit": "Pain complet Grand Moulé 1300g",
    "description": "Pain complet riche en fibres et minéraux, sans acide phytique grâce à la longue fermentation au levain. ingrédients : Farine de Blé T80, Rémoulage, son fin,  levain de Seigle T170, eau, sel",
    "prix": 4.59,
    "unite": 1,
    "image_filename": null
  },
  {
    "id": 5585,
    "catalog_file_id": 256,
    "produit": "Brioche 450 g",
    "description": "Brioche au beurre Isigny Sainte Mère AOP et aux oeufs. Pas de lait ni d'eau. ingrédients : Farine de Blé T65, Levain de laitOeufs entiers, beurre Isigny St Mère, sucre de canne, sel, levure ",
    "prix": 6.18,
    "unite": 1,
    "image_filename": null
  },
  {
    "id": 5586,
    "catalog_file_id": 256,
    "produit": "Brioche 900 g",
    "description": "Brioche au beurre Isigny Sainte Mère AOP et aux oeufs. Pas de lait ni d'eau. ingrédients : Farine de Blé T65, \r\nLevain de lait\r\nOeufs entiers, beurre Isigny St Mère, \r\nsucre de canne, sel, levure ",
    "prix": 12.55,
    "unite": 1,
    "image_filename": null
  },
  {
    "id": 5587,
    "catalog_file_id": 256,
    "produit": "Brioche Provençale \"Pompe à l'huile\"",
    "description": "Brioche sans beurre ni œuf, dessert traditionnel du diner des apôtres,\r\nNaturellement Vegan ingrédients : Farine de Blé T65\r\nLevain de Blé\r\nEau, sel, levure\r\nHuile d'Olive",
    "prix": 1.58,
    "unite": 1,
    "image_filename": null
  },
  {
    "id": 5588,
    "catalog_file_id": 256,
    "produit": "Cookies Noix-Noisettes-Chocolat",
    "description": "Cookies de 70 g\r\nGénéreusement garni de Noix, Noisettes et Chocolat ingrédients : Farine de Blé T65,\r\nOeufs entier, Beurre Isisgny Ste Mère, Sucre de Canne, \r\nNoix, Noisettes, Chocolat noir 66%\r\nsel, poudre levante",
    "prix": 1,
    "unite": 1,
    "image_filename": null
  },
  {
    "id": 5589,
    "catalog_file_id": 256,
    "produit": "Canistrellis",
    "description": "Biscuits de tradition Corse, à l'anis, huile d'olive et vin blanc ingrédients : Farine de Blé T65,\r\nhuile d'olive, vin blanc, sucre, sel, graines d'anis, poudre levante",
    "prix": 15.56,
    "unite": 1,
    "image_filename": null
  },
  {
    "id": 5590,
    "catalog_file_id": 256,
    "produit": "Pain de Campagne Grand Moulé 1300g",
    "description": "Pain de Campagne cuit en moule rectangulaire. ingrédients : Farine de Blé T80, levain de Seigle T170, eau, sel",
    "prix": 4.43,
    "unite": 1,
    "image_filename": null
  },
  {
    "id": 5591,
    "catalog_file_id": 256,
    "produit": "Pain de Campagne Banneton 1000 g",
    "description": "Pain façonné en banneton osier et cuit à même sur la sole du four. Une croûte profonde et mie ouverte. ingrédients : Farine de Blé T80, levain de Seigle T170, eau, sel",
    "prix": 4.43,
    "unite": 1,
    "image_filename": null
  },
  {
    "id": 5592,
    "catalog_file_id": 256,
    "produit": "Brownie",
    "description": "Brownie aux Noix et chocolat noir 66% ingrédients : Farine de Blé T65\r\n Beurre Isigny St Mère, Œuf entier, sucre, noix, sel, poudre levante",
    "prix": 2.69,
    "unite": 1,
    "image_filename": null
  },
  {
    "id": 5593,
    "catalog_file_id": 256,
    "produit": "Cake au citron",
    "description": "Pour les amoureux du citron !\r\nZest de citron, jus de citron, citron confit, sirop de citron. ingrédients : Farine de Blé T65,\r\nCitron jaune\r\nSucre de canne, Œuf entier, beurre Isigny Ste Mère, amidon de Maïs, sel ",
    "prix": 7.91,
    "unite": 1,
    "image_filename": null
  },
  {
    "id": 5594,
    "catalog_file_id": 256,
    "produit": "Pain de Campagne Grand Moulé 1500g",
    "description": "Pain de Campagne cuit en moule rectangulaire. ingrédients : Farine de Blé T80, levain de Seigle T170, eau, sel",
    "prix": 4.43,
    "unite": 1,
    "image_filename": null
  },
  {
    "id": 5595,
    "catalog_file_id": 256,
    "produit": "Sechskornbröt Petit moulé 500 g",
    "description": "Farine de Seigle Complet Blé semi complet Levain de seigle Sel et eau Tournesol, flocon d'avoine, lin brun, lin doré, graines de courge",
    "prix": 2.95,
    "unite": 1,
    "image_filename": null
  },
  {
    "id": 5596,
    "catalog_file_id": 256,
    "produit": "Pain aux Noix Grand Moulé 1300 g",
    "description": "Un pain aux noix concassées et réhydratées, sur la base du pain de Campagne.  ingrédients : Farine de Blé T80, levain de Seigle T170, Noix, eau, sel",
    "prix": 8.23,
    "unite": 1,
    "image_filename": null
  },
  {
    "id": 5597,
    "catalog_file_id": 256,
    "produit": "Pain aux graines Banneton 1000g",
    "description": "Pain façonné en banneton osier et cuit à même sur la sole du four. Une croûte profonde et mie ouverte. ingrédients : Farine de Blé T80, levain de Seigle T170, lin brun, lin doré, tournesol, sésame, pavot, eau, sel",
    "prix": 5.05,
    "unite": 1,
    "image_filename": null
  },
  {
    "id": 5598,
    "catalog_file_id": 256,
    "produit": "Pain aux graines Grand Moulé 1300g",
    "description": "Pain aux graines oléagineuses sur base de pain de campagne.  ingrédients : Farine de Blé T80, levain de Seigle T170, lin brun, lin doré, tournesol, sésame, pavot, eau, sel",
    "prix": 5.05,
    "unite": 1,
    "image_filename": null
  },
  {
    "id": 5599,
    "catalog_file_id": 256,
    "produit": "Pain Généreux Grand Moulé 1300g",
    "description": "Pain aux fruits sec et fruits à coque, enveloppé dans des flocons d'avoine. ingrédients : Farine de Blé T80, levain de Seigle T170, Noisettes, Abricots, raisins de corinthe, flocons d'avoines, graines de courge, eau, sel",
    "prix": 6.7,
    "unite": 1,
    "image_filename": null
  },
  {
    "id": 5600,
    "catalog_file_id": 256,
    "produit": "Pain de Campagne Moule Fermé 1500 g",
    "description": "Pain de Campagne cuit en moule fermé.\r\nIl a une forme parfaitement rectangulaire, et très peu de croûte ingrédients : Farine de Blé T80, levain de Seigle T170, eau, sel",
    "prix": 4.43,
    "unite": 1,
    "image_filename": null
  },
  {
    "id": 5601,
    "catalog_file_id": 256,
    "produit": "Pain aux graines Miche 2000 g",
    "description": "Gros pain de 2 kg, très longue cuisson.  ingrédients : Farine de Blé T80, levain de Seigle T170, lin brun, lin doré, tournesol, sésame, pavot, eau, sel",
    "prix": 5.05,
    "unite": 1,
    "image_filename": null
  },
  {
    "id": 5602,
    "catalog_file_id": 256,
    "produit": "Pain de Riz et Sorgho petit moule 500 g",
    "description": "Farines de Riz et de Sorgho, naturellement sans gluten, Huile d'olive. ingrédients : Farine de Riz\r\nFarine de Sorgho\r\nEau, sel, huile d'olive, levain et levure",
    "prix": 4.59,
    "unite": 1,
    "image_filename": null
  },
  {
    "id": 5603,
    "catalog_file_id": 256,
    "produit": "Petit Epeautre Grand  moule 1300 g",
    "description": "Pain à la farine de Petit épeautre complet (engrain), et au levain de petit épeautre complet.\r\nTerroir AOP des Alpes de Haute Provence\r\nTrès riche en protéine et pauvre en gluten. ingrédients : Farine de Petit Epeautre complet\r\nlevain de Petit Epeautre, \r\neau, sel",
    "prix": 8.02,
    "unite": 1,
    "image_filename": null
  },
  {
    "id": 5604,
    "catalog_file_id": 256,
    "produit": "Pain de Khorasan en boule de 800 g",
    "description": "Farine de Blé dur ancien de variété Khorasan.  ingrédients : Farine de Khorasan \r\nLevain de Khorasan\r\neau, sel",
    "prix": 6.27,
    "unite": 1,
    "image_filename": null
  },
  {
    "id": 5605,
    "catalog_file_id": 256,
    "produit": "Pain Intégral Grand Moulé 1300 g",
    "description": "Pain au levain de seigle, réalisé avec l'intégralité du grain de blé.  Très riche en fibres et minéraux ingrédients : Farine de Blé T80, Rémoulage, son gros, son fin,  levain de Seigle T170, eau, sel",
    "prix": 4.59,
    "unite": 1,
    "image_filename": null
  },
  {
    "id": 5606,
    "catalog_file_id": 256,
    "produit": "Pain de Riz et Sorgho aux graines en petit moule 500 g",
    "description": "Base du pain de riz et Sorgho, \r\nMélange de graines oléagineuses\r\n ingrédients : Farine de Riz\r\nfarine de sorgho\r\neau, sel, levain, huile d'olive\r\n\r\nLin brun, lin doré, pavot, sésame, tournesol.",
    "prix": 4.91,
    "unite": 1,
    "image_filename": null
  },
  {
    "id": 5607,
    "catalog_file_id": 257,
    "produit": "Pain aux graines Miche 2000 g",
    "description": "Gros pain de 2 kg, très longue cuisson.  ingrédients : Farine de Blé T80, levain de Seigle T170, lin brun, lin doré, tournesol, sésame, pavot, eau, sel",
    "prix": 5.05,
    "unite": 1,
    "image_filename": null
  },
  {
    "id": 5608,
    "catalog_file_id": 257,
    "produit": "Petit Epeautre petit moule 500 g",
    "description": "Pain à la farine de Petit épeautre complet (engrain), et au levain de petit épeautre complet.\r\nTerroir AOP des Alpes de Haute Provence\r\nTrès riche en protéine et pauvre en gluten. ingrédients : Farine de Petit Epeautre complet\r\nlevain de Petit Epeautre, \r\neau, sel",
    "prix": 3.8,
    "unite": 1,
    "image_filename": null
  },
  {
    "id": 5609,
    "catalog_file_id": 257,
    "produit": "Pain de Campagne Miche 2000 g",
    "description": "Gros pain de 2 kg, très longue cuisson.  ingrédients : Farine de Blé T80, levain de Seigle T170, eau, sel",
    "prix": 4.43,
    "unite": 1,
    "image_filename": null
  },
  {
    "id": 5610,
    "catalog_file_id": 257,
    "produit": "Pain de Campagne Moule Fermé 1500 g",
    "description": "Pain de Campagne cuit en moule fermé.\r\nIl a une forme parfaitement rectangulaire, et très peu de croûte ingrédients : Farine de Blé T80, levain de Seigle T170, eau, sel",
    "prix": 4.43,
    "unite": 1,
    "image_filename": null
  },
  {
    "id": 5611,
    "catalog_file_id": 257,
    "produit": "Pain de Riz et Sorgho petit moule 500 g",
    "description": "Farines de Riz et de Sorgho, naturellement sans gluten, Huile d'olive. ingrédients : Farine de Riz\r\nFarine de Sorgho\r\nEau, sel, huile d'olive, levain et levure",
    "prix": 4.59,
    "unite": 1,
    "image_filename": null
  },
  {
    "id": 5612,
    "catalog_file_id": 257,
    "produit": "Pain Généreux Grand Moulé 1300g",
    "description": "Pain aux fruits sec et fruits à coque, enveloppé dans des flocons d'avoine. ingrédients : Farine de Blé T80, levain de Seigle T170, Noisettes, Abricots, raisins de corinthe, flocons d'avoines, graines de courge, eau, sel",
    "prix": 6.7,
    "unite": 1,
    "image_filename": null
  },
  {
    "id": 5613,
    "catalog_file_id": 257,
    "produit": "Petit Epeautre Grand  moule 1300 g",
    "description": "Pain à la farine de Petit épeautre complet (engrain), et au levain de petit épeautre complet.\r\nTerroir AOP des Alpes de Haute Provence\r\nTrès riche en protéine et pauvre en gluten. ingrédients : Farine de Petit Epeautre complet\r\nlevain de Petit Epeautre, \r\neau, sel",
    "prix": 8.02,
    "unite": 1,
    "image_filename": null
  },
  {
    "id": 5614,
    "catalog_file_id": 257,
    "produit": "Pain Complet Banneton 1000 g",
    "description": "Pain complet riche en fibres et minéraux, sans acide phytique grâce à la longue fermentation au levain. ingrédients : Pain complet riche en fibres et minéraux, sans acide phytique grâce à la longue fermentation au levain.",
    "prix": 4.59,
    "unite": 1,
    "image_filename": null
  },
  {
    "id": 5615,
    "catalog_file_id": 257,
    "produit": "Pain au Maïs en petit moules 500 g",
    "description": "Farine de Maïs Ancien Grand Roux Basque\r\nBlé et Graines de tournesol ingrédients : Farine de Maïs\r\nFarine de Blé T65\r\nLevain de Blé, eau, sel\r\nGraines de tournesol\r\nCurcuma",
    "prix": 3.69,
    "unite": 1,
    "image_filename": null
  },
  {
    "id": 5616,
    "catalog_file_id": 257,
    "produit": "Pain Intégral Grand Moulé 1300 g",
    "description": "Pain au levain de seigle, réalisé avec l'intégralité du grain de blé.  Très riche en fibres et minéraux ingrédients : Farine de Blé T80, Rémoulage, son gros, son fin,  levain de Seigle T170, eau, sel",
    "prix": 4.59,
    "unite": 1,
    "image_filename": null
  },
  {
    "id": 5617,
    "catalog_file_id": 257,
    "produit": "Pain aux Noix Grand Moulé 1300 g",
    "description": "Un pain aux noix concassées et réhydratées, sur la base du pain de Campagne.  ingrédients : Farine de Blé T80, levain de Seigle T170, Noix, eau, sel",
    "prix": 8.23,
    "unite": 1,
    "image_filename": null
  },
  {
    "id": 5618,
    "catalog_file_id": 257,
    "produit": "Brioche 450 g",
    "description": "Brioche au beurre Isigny Sainte Mère AOP et aux oeufs. Pas de lait ni d'eau. ingrédients : Farine de Blé T65, Levain de laitOeufs entiers, beurre Isigny St Mère, sucre de canne, sel, levure ",
    "prix": 6.18,
    "unite": 1,
    "image_filename": null
  },
  {
    "id": 5619,
    "catalog_file_id": 257,
    "produit": "Brioche Provençale \"Pompe à l'huile\"",
    "description": "Brioche sans beurre ni œuf, dessert traditionnel du diner des apôtres,\r\nNaturellement Vegan ingrédients : Farine de Blé T65\r\nLevain de Blé\r\nEau, sel, levure\r\nHuile d'Olive",
    "prix": 1.58,
    "unite": 1,
    "image_filename": null
  },
  {
    "id": 5620,
    "catalog_file_id": 257,
    "produit": "Pain de Riz et Sorgho aux graines en petit moule 500 g",
    "description": "Base du pain de riz et Sorgho, \r\nMélange de graines oléagineuses\r\n ingrédients : Farine de Riz\r\nfarine de sorgho\r\neau, sel, levain, huile d'olive\r\n\r\nLin brun, lin doré, pavot, sésame, tournesol.",
    "prix": 4.91,
    "unite": 1,
    "image_filename": null
  },
  {
    "id": 5621,
    "catalog_file_id": 257,
    "produit": "Roulé Cannelle 100 g",
    "description": "Sur une base de pain au lait, incorporation d'un beurre cannelle, puis tressage. ingrédients : Farine de Blé T65, lait, oeuf, beurre, sucre, sel, cannelle, levure",
    "prix": 1.69,
    "unite": 1,
    "image_filename": null
  },
  {
    "id": 5622,
    "catalog_file_id": 257,
    "produit": "Shokupan 1400 g",
    "description": "Pain de Mie de tradition Japonaise réalisée sur 3 pâtes et au levain de Panettone. \r\nConservation exceptionnelle de 10 jours sous film.\r\n11cm x 11cm x 36 cm ingrédients : Farine de Blé T55,\r\nLevain de Panettone\r\nLait, eau, sucre de canne, beurre isigny sainte mère,\r\nsel",
    "prix": 11.92,
    "unite": 1,
    "image_filename": null
  },
  {
    "id": 5623,
    "catalog_file_id": 257,
    "produit": "Crackers",
    "description": "Crackers au levain de seigle et graines oléagineuses, huile d'olive, origan ingrédients : Farine de Blé T80\r\nFarine de Seigle T170\r\neau, sel, Lin Brun, Lin doré, Pavot, Sésame , Tournesol, Huile d'Olive, Origan",
    "prix": 15.09,
    "unite": 1,
    "image_filename": null
  },
  {
    "id": 5624,
    "catalog_file_id": 257,
    "produit": "Cookies Noix-Noisettes-Chocolat",
    "description": "Cookies de 70 g\r\nGénéreusement garni de Noix, Noisettes et Chocolat ingrédients : Farine de Blé T65,\r\nOeufs entier, Beurre Isisgny Ste Mère, Sucre de Canne, \r\nNoix, Noisettes, Chocolat noir 66%\r\nsel, poudre levante",
    "prix": 1,
    "unite": 1,
    "image_filename": null
  },
  {
    "id": 5625,
    "catalog_file_id": 257,
    "produit": "Canistrellis",
    "description": "Biscuits de tradition Corse, à l'anis, huile d'olive et vin blanc ingrédients : Farine de Blé T65,\r\nhuile d'olive, vin blanc, sucre, sel, graines d'anis, poudre levante",
    "prix": 15.56,
    "unite": 1,
    "image_filename": null
  },
  {
    "id": 5626,
    "catalog_file_id": 257,
    "produit": "Brownie",
    "description": "Brownie aux Noix et chocolat noir 66% ingrédients : Farine de Blé T65\r\n Beurre Isigny St Mère, Œuf entier, sucre, noix, sel, poudre levante",
    "prix": 2.69,
    "unite": 1,
    "image_filename": null
  },
  {
    "id": 5627,
    "catalog_file_id": 257,
    "produit": "Pain de Campagne Grand Moulé 1300g",
    "description": "Pain de Campagne cuit en moule rectangulaire. ingrédients : Farine de Blé T80, levain de Seigle T170, eau, sel",
    "prix": 4.43,
    "unite": 1,
    "image_filename": null
  },
  {
    "id": 5628,
    "catalog_file_id": 257,
    "produit": "Cake au citron",
    "description": "Pour les amoureux du citron !\r\nZest de citron, jus de citron, citron confit, sirop de citron. ingrédients : Farine de Blé T65,\r\nCitron jaune\r\nSucre de canne, Œuf entier, beurre Isigny Ste Mère, amidon de Maïs, sel ",
    "prix": 7.91,
    "unite": 1,
    "image_filename": null
  },
  {
    "id": 5629,
    "catalog_file_id": 257,
    "produit": "Pain de Campagne Grand Moulé 1500g",
    "description": "Pain de Campagne cuit en moule rectangulaire. ingrédients : Farine de Blé T80, levain de Seigle T170, eau, sel",
    "prix": 4.43,
    "unite": 1,
    "image_filename": null
  },
  {
    "id": 5630,
    "catalog_file_id": 257,
    "produit": "Pain de Campagne Banneton 1000 g",
    "description": "Pain façonné en banneton osier et cuit à même sur la sole du four. Une croûte profonde et mie ouverte. ingrédients : Farine de Blé T80, levain de Seigle T170, eau, sel",
    "prix": 4.43,
    "unite": 1,
    "image_filename": null
  },
  {
    "id": 5631,
    "catalog_file_id": 257,
    "produit": "Sechskornbröt Petit moulé 500 g",
    "description": "Farine de Seigle Complet Blé semi complet Levain de seigle Sel et eau Tournesol, flocon d'avoine, lin brun, lin doré, graines de courge",
    "prix": 2.95,
    "unite": 1,
    "image_filename": null
  },
  {
    "id": 5632,
    "catalog_file_id": 257,
    "produit": "Pain aux graines Grand Moulé 1300g",
    "description": "Pain aux graines oléagineuses sur base de pain de campagne.  ingrédients : Farine de Blé T80, levain de Seigle T170, lin brun, lin doré, tournesol, sésame, pavot, eau, sel",
    "prix": 5.05,
    "unite": 1,
    "image_filename": null
  },
  {
    "id": 5633,
    "catalog_file_id": 257,
    "produit": "Pain aux graines Banneton 1000g",
    "description": "Pain façonné en banneton osier et cuit à même sur la sole du four. Une croûte profonde et mie ouverte. ingrédients : Farine de Blé T80, levain de Seigle T170, lin brun, lin doré, tournesol, sésame, pavot, eau, sel",
    "prix": 5.05,
    "unite": 1,
    "image_filename": null
  },
  {
    "id": 5634,
    "catalog_file_id": 257,
    "produit": "Brioche 900 g",
    "description": "Brioche au beurre Isigny Sainte Mère AOP et aux oeufs. Pas de lait ni d'eau. ingrédients : Farine de Blé T65, \r\nLevain de lait\r\nOeufs entiers, beurre Isigny St Mère, \r\nsucre de canne, sel, levure ",
    "prix": 12.55,
    "unite": 1,
    "image_filename": null
  },
  {
    "id": 5635,
    "catalog_file_id": 257,
    "produit": "Pain complet Grand Moulé 1300g",
    "description": "Pain complet riche en fibres et minéraux, sans acide phytique grâce à la longue fermentation au levain. ingrédients : Farine de Blé T80, Rémoulage, son fin,  levain de Seigle T170, eau, sel",
    "prix": 4.59,
    "unite": 1,
    "image_filename": null
  },
  {
    "id": 5636,
    "catalog_file_id": 257,
    "produit": "Shokupan 500 g",
    "description": "Pain de Mie de tradition Japonaise réalisée sur 3 pâtes et au levain de Panettone. \r\nConservation exceptionnelle de 10 jours sous film.\r\n10cm x 10cm x 19 cm ingrédients : Farine de Blé T55,\r\nLevain de Panettone\r\nLait, eau, sucre de canne, beurre isigny sainte mère,\r\nsel",
    "prix": 4.85,
    "unite": 1,
    "image_filename": null
  },
  {
    "id": 5637,
    "catalog_file_id": 258,
    "produit": "Pain de Campagne Miche 2000 g",
    "description": "Gros pain de 2 kg, très longue cuisson.  ingrédients : Farine de Blé T80, levain de Seigle T170, eau, sel",
    "prix": 4.43,
    "unite": 1,
    "image_filename": null
  },
  {
    "id": 5638,
    "catalog_file_id": 258,
    "produit": "Petit Epeautre petit moule 500 g",
    "description": "Pain à la farine de Petit épeautre complet (engrain), et au levain de petit épeautre complet.\r\nTerroir AOP des Alpes de Haute Provence\r\nTrès riche en protéine et pauvre en gluten. ingrédients : Farine de Petit Epeautre complet\r\nlevain de Petit Epeautre, \r\neau, sel",
    "prix": 3.8,
    "unite": 1,
    "image_filename": null
  },
  {
    "id": 5639,
    "catalog_file_id": 258,
    "produit": "Roulé Cannelle 100 g",
    "description": "Sur une base de pain au lait, incorporation d'un beurre cannelle, puis tressage. ingrédients : Farine de Blé T65, lait, oeuf, beurre, sucre, sel, cannelle, levure",
    "prix": 1.69,
    "unite": 1,
    "image_filename": null
  },
  {
    "id": 5640,
    "catalog_file_id": 258,
    "produit": "Pain de Méteil en Boule 1000 g",
    "description": "Pain rustique mi blé mi seigle au levain de seigle ingrédients : Farine de Blé T80\r\nFarine de Seigle T70\r\neau, sel, levain de seigle",
    "prix": 4.91,
    "unite": 1,
    "image_filename": null
  },
  {
    "id": 5641,
    "catalog_file_id": 258,
    "produit": "Pain Complet Banneton 1000 g",
    "description": "Pain complet riche en fibres et minéraux, sans acide phytique grâce à la longue fermentation au levain. ingrédients : Pain complet riche en fibres et minéraux, sans acide phytique grâce à la longue fermentation au levain.",
    "prix": 4.59,
    "unite": 1,
    "image_filename": null
  },
  {
    "id": 5642,
    "catalog_file_id": 258,
    "produit": "Pain au Maïs en petit moules 500 g",
    "description": "Farine de Maïs Ancien Grand Roux Basque\r\nBlé et Graines de tournesol ingrédients : Farine de Maïs\r\nFarine de Blé T65\r\nLevain de Blé, eau, sel\r\nGraines de tournesol\r\nCurcuma",
    "prix": 3.69,
    "unite": 1,
    "image_filename": null
  },
  {
    "id": 5643,
    "catalog_file_id": 258,
    "produit": "Pain complet Grand Moulé 1300g",
    "description": "Pain complet riche en fibres et minéraux, sans acide phytique grâce à la longue fermentation au levain. ingrédients : Farine de Blé T80, Rémoulage, son fin,  levain de Seigle T170, eau, sel",
    "prix": 4.59,
    "unite": 1,
    "image_filename": null
  },
  {
    "id": 5644,
    "catalog_file_id": 258,
    "produit": "Brioche 450 g",
    "description": "Brioche au beurre Isigny Sainte Mère AOP et aux oeufs. Pas de lait ni d'eau. ingrédients : Farine de Blé T65, Levain de laitOeufs entiers, beurre Isigny St Mère, sucre de canne, sel, levure ",
    "prix": 6.18,
    "unite": 1,
    "image_filename": null
  },
  {
    "id": 5645,
    "catalog_file_id": 258,
    "produit": "Brioche 900 g",
    "description": "Brioche au beurre Isigny Sainte Mère AOP et aux oeufs. Pas de lait ni d'eau. ingrédients : Farine de Blé T65, \r\nLevain de lait\r\nOeufs entiers, beurre Isigny St Mère, \r\nsucre de canne, sel, levure ",
    "prix": 12.55,
    "unite": 1,
    "image_filename": null
  },
  {
    "id": 5646,
    "catalog_file_id": 258,
    "produit": "Brioche Provençale \"Pompe à l'huile\"",
    "description": "Brioche sans beurre ni œuf, dessert traditionnel du diner des apôtres,\r\nNaturellement Vegan ingrédients : Farine de Blé T65\r\nLevain de Blé\r\nEau, sel, levure\r\nHuile d'Olive",
    "prix": 1.58,
    "unite": 1,
    "image_filename": null
  },
  {
    "id": 5647,
    "catalog_file_id": 258,
    "produit": "Cookies Noix-Noisettes-Chocolat",
    "description": "Cookies de 70 g\r\nGénéreusement garni de Noix, Noisettes et Chocolat ingrédients : Farine de Blé T65,\r\nOeufs entier, Beurre Isisgny Ste Mère, Sucre de Canne, \r\nNoix, Noisettes, Chocolat noir 66%\r\nsel, poudre levante",
    "prix": 1,
    "unite": 1,
    "image_filename": null
  },
  {
    "id": 5648,
    "catalog_file_id": 258,
    "produit": "Canistrellis",
    "description": "Biscuits de tradition Corse, à l'anis, huile d'olive et vin blanc ingrédients : Farine de Blé T65,\r\nhuile d'olive, vin blanc, sucre, sel, graines d'anis, poudre levante",
    "prix": 15.56,
    "unite": 1,
    "image_filename": null
  },
  {
    "id": 5649,
    "catalog_file_id": 258,
    "produit": "Pain de Campagne Grand Moulé 1300g",
    "description": "Pain de Campagne cuit en moule rectangulaire. ingrédients : Farine de Blé T80, levain de Seigle T170, eau, sel",
    "prix": 4.43,
    "unite": 1,
    "image_filename": null
  },
  {
    "id": 5650,
    "catalog_file_id": 258,
    "produit": "Pain de Campagne Banneton 1000 g",
    "description": "Pain façonné en banneton osier et cuit à même sur la sole du four. Une croûte profonde et mie ouverte. ingrédients : Farine de Blé T80, levain de Seigle T170, eau, sel",
    "prix": 4.43,
    "unite": 1,
    "image_filename": null
  },
  {
    "id": 5651,
    "catalog_file_id": 258,
    "produit": "Brownie",
    "description": "Brownie aux Noix et chocolat noir 66% ingrédients : Farine de Blé T65\r\n Beurre Isigny St Mère, Œuf entier, sucre, noix, sel, poudre levante",
    "prix": 2.69,
    "unite": 1,
    "image_filename": null
  },
  {
    "id": 5652,
    "catalog_file_id": 258,
    "produit": "Cake au citron",
    "description": "Pour les amoureux du citron !\r\nZest de citron, jus de citron, citron confit, sirop de citron. ingrédients : Farine de Blé T65,\r\nCitron jaune\r\nSucre de canne, Œuf entier, beurre Isigny Ste Mère, amidon de Maïs, sel ",
    "prix": 7.91,
    "unite": 1,
    "image_filename": null
  },
  {
    "id": 5653,
    "catalog_file_id": 258,
    "produit": "Pain de Campagne Grand Moulé 1500g",
    "description": "Pain de Campagne cuit en moule rectangulaire. ingrédients : Farine de Blé T80, levain de Seigle T170, eau, sel",
    "prix": 4.43,
    "unite": 1,
    "image_filename": null
  },
  {
    "id": 5654,
    "catalog_file_id": 258,
    "produit": "Sechskornbröt Petit moulé 500 g",
    "description": "Farine de Seigle Complet Blé semi complet Levain de seigle Sel et eau Tournesol, flocon d'avoine, lin brun, lin doré, graines de courge",
    "prix": 2.95,
    "unite": 1,
    "image_filename": null
  },
  {
    "id": 5655,
    "catalog_file_id": 258,
    "produit": "Pain aux Noix Grand Moulé 1300 g",
    "description": "Un pain aux noix concassées et réhydratées, sur la base du pain de Campagne.  ingrédients : Farine de Blé T80, levain de Seigle T170, Noix, eau, sel",
    "prix": 8.23,
    "unite": 1,
    "image_filename": null
  },
  {
    "id": 5656,
    "catalog_file_id": 258,
    "produit": "Pain aux graines Banneton 1000g",
    "description": "Pain façonné en banneton osier et cuit à même sur la sole du four. Une croûte profonde et mie ouverte. ingrédients : Farine de Blé T80, levain de Seigle T170, lin brun, lin doré, tournesol, sésame, pavot, eau, sel",
    "prix": 5.05,
    "unite": 1,
    "image_filename": null
  },
  {
    "id": 5657,
    "catalog_file_id": 258,
    "produit": "Pain aux graines Grand Moulé 1300g",
    "description": "Pain aux graines oléagineuses sur base de pain de campagne.  ingrédients : Farine de Blé T80, levain de Seigle T170, lin brun, lin doré, tournesol, sésame, pavot, eau, sel",
    "prix": 5.05,
    "unite": 1,
    "image_filename": null
  },
  {
    "id": 5658,
    "catalog_file_id": 258,
    "produit": "Pain Généreux Grand Moulé 1300g",
    "description": "Pain aux fruits sec et fruits à coque, enveloppé dans des flocons d'avoine. ingrédients : Farine de Blé T80, levain de Seigle T170, Noisettes, Abricots, raisins de corinthe, flocons d'avoines, graines de courge, eau, sel",
    "prix": 6.7,
    "unite": 1,
    "image_filename": null
  },
  {
    "id": 5659,
    "catalog_file_id": 258,
    "produit": "Pain de Campagne Moule Fermé 1500 g",
    "description": "Pain de Campagne cuit en moule fermé.\r\nIl a une forme parfaitement rectangulaire, et très peu de croûte ingrédients : Farine de Blé T80, levain de Seigle T170, eau, sel",
    "prix": 4.43,
    "unite": 1,
    "image_filename": null
  },
  {
    "id": 5660,
    "catalog_file_id": 258,
    "produit": "Pain aux graines Miche 2000 g",
    "description": "Gros pain de 2 kg, très longue cuisson.  ingrédients : Farine de Blé T80, levain de Seigle T170, lin brun, lin doré, tournesol, sésame, pavot, eau, sel",
    "prix": 5.05,
    "unite": 1,
    "image_filename": null
  },
  {
    "id": 5661,
    "catalog_file_id": 258,
    "produit": "Pain de Riz et Sorgho petit moule 500 g",
    "description": "Farines de Riz et de Sorgho, naturellement sans gluten, Huile d'olive. ingrédients : Farine de Riz\r\nFarine de Sorgho\r\nEau, sel, huile d'olive, levain et levure",
    "prix": 4.59,
    "unite": 1,
    "image_filename": null
  },
  {
    "id": 5662,
    "catalog_file_id": 258,
    "produit": "Petit Epeautre Grand  moule 1300 g",
    "description": "Pain à la farine de Petit épeautre complet (engrain), et au levain de petit épeautre complet.\r\nTerroir AOP des Alpes de Haute Provence\r\nTrès riche en protéine et pauvre en gluten. ingrédients : Farine de Petit Epeautre complet\r\nlevain de Petit Epeautre, \r\neau, sel",
    "prix": 8.02,
    "unite": 1,
    "image_filename": null
  },
  {
    "id": 5663,
    "catalog_file_id": 258,
    "produit": "Pain de Khorasan en boule de 800 g",
    "description": "Farine de Blé dur ancien de variété Khorasan.  ingrédients : Farine de Khorasan \r\nLevain de Khorasan\r\neau, sel",
    "prix": 6.27,
    "unite": 1,
    "image_filename": null
  },
  {
    "id": 5664,
    "catalog_file_id": 258,
    "produit": "Pain Intégral Grand Moulé 1300 g",
    "description": "Pain au levain de seigle, réalisé avec l'intégralité du grain de blé.  Très riche en fibres et minéraux ingrédients : Farine de Blé T80, Rémoulage, son gros, son fin,  levain de Seigle T170, eau, sel",
    "prix": 4.59,
    "unite": 1,
    "image_filename": null
  },
  {
    "id": 5665,
    "catalog_file_id": 258,
    "produit": "Pain de Riz et Sorgho aux graines en petit moule 500 g",
    "description": "Base du pain de riz et Sorgho, \r\nMélange de graines oléagineuses\r\n ingrédients : Farine de Riz\r\nfarine de sorgho\r\neau, sel, levain, huile d'olive\r\n\r\nLin brun, lin doré, pavot, sésame, tournesol.",
    "prix": 4.91,
    "unite": 1,
    "image_filename": null
  },
  {
    "id": 5666,
    "catalog_file_id": 259,
    "produit": "Pain aux graines Miche 2000 g",
    "description": "Gros pain de 2 kg, très longue cuisson.  ingrédients : Farine de Blé T80, levain de Seigle T170, lin brun, lin doré, tournesol, sésame, pavot, eau, sel",
    "prix": 5.05,
    "unite": 1,
    "image_filename": null
  },
  {
    "id": 5667,
    "catalog_file_id": 259,
    "produit": "Petit Epeautre petit moule 500 g",
    "description": "Pain à la farine de Petit épeautre complet (engrain), et au levain de petit épeautre complet.\r\nTerroir AOP des Alpes de Haute Provence\r\nTrès riche en protéine et pauvre en gluten. ingrédients : Farine de Petit Epeautre complet\r\nlevain de Petit Epeautre, \r\neau, sel",
    "prix": 3.8,
    "unite": 1,
    "image_filename": null
  },
  {
    "id": 5668,
    "catalog_file_id": 259,
    "produit": "Pain de Campagne Miche 2000 g",
    "description": "Gros pain de 2 kg, très longue cuisson.  ingrédients : Farine de Blé T80, levain de Seigle T170, eau, sel",
    "prix": 4.43,
    "unite": 1,
    "image_filename": null
  },
  {
    "id": 5669,
    "catalog_file_id": 259,
    "produit": "Pain de Campagne Moule Fermé 1500 g",
    "description": "Pain de Campagne cuit en moule fermé.\r\nIl a une forme parfaitement rectangulaire, et très peu de croûte ingrédients : Farine de Blé T80, levain de Seigle T170, eau, sel",
    "prix": 4.43,
    "unite": 1,
    "image_filename": null
  },
  {
    "id": 5670,
    "catalog_file_id": 259,
    "produit": "Pain de Riz et Sorgho petit moule 500 g",
    "description": "Farines de Riz et de Sorgho, naturellement sans gluten, Huile d'olive. ingrédients : Farine de Riz\r\nFarine de Sorgho\r\nEau, sel, huile d'olive, levain et levure",
    "prix": 4.59,
    "unite": 1,
    "image_filename": null
  },
  {
    "id": 5671,
    "catalog_file_id": 259,
    "produit": "Pain Généreux Grand Moulé 1300g",
    "description": "Pain aux fruits sec et fruits à coque, enveloppé dans des flocons d'avoine. ingrédients : Farine de Blé T80, levain de Seigle T170, Noisettes, Abricots, raisins de corinthe, flocons d'avoines, graines de courge, eau, sel",
    "prix": 6.7,
    "unite": 1,
    "image_filename": null
  },
  {
    "id": 5672,
    "catalog_file_id": 259,
    "produit": "Petit Epeautre Grand  moule 1300 g",
    "description": "Pain à la farine de Petit épeautre complet (engrain), et au levain de petit épeautre complet.\r\nTerroir AOP des Alpes de Haute Provence\r\nTrès riche en protéine et pauvre en gluten. ingrédients : Farine de Petit Epeautre complet\r\nlevain de Petit Epeautre, \r\neau, sel",
    "prix": 8.02,
    "unite": 1,
    "image_filename": null
  },
  {
    "id": 5673,
    "catalog_file_id": 259,
    "produit": "Pain Complet Banneton 1000 g",
    "description": "Pain complet riche en fibres et minéraux, sans acide phytique grâce à la longue fermentation au levain. ingrédients : Pain complet riche en fibres et minéraux, sans acide phytique grâce à la longue fermentation au levain.",
    "prix": 4.59,
    "unite": 1,
    "image_filename": null
  },
  {
    "id": 5674,
    "catalog_file_id": 259,
    "produit": "Pain au Maïs en petit moules 500 g",
    "description": "Farine de Maïs Ancien Grand Roux Basque\r\nBlé et Graines de tournesol ingrédients : Farine de Maïs\r\nFarine de Blé T65\r\nLevain de Blé, eau, sel\r\nGraines de tournesol\r\nCurcuma",
    "prix": 3.69,
    "unite": 1,
    "image_filename": null
  },
  {
    "id": 5675,
    "catalog_file_id": 259,
    "produit": "Pain Intégral Grand Moulé 1300 g",
    "description": "Pain au levain de seigle, réalisé avec l'intégralité du grain de blé.  Très riche en fibres et minéraux ingrédients : Farine de Blé T80, Rémoulage, son gros, son fin,  levain de Seigle T170, eau, sel",
    "prix": 4.59,
    "unite": 1,
    "image_filename": null
  },
  {
    "id": 5676,
    "catalog_file_id": 259,
    "produit": "Pain aux Noix Grand Moulé 1300 g",
    "description": "Un pain aux noix concassées et réhydratées, sur la base du pain de Campagne.  ingrédients : Farine de Blé T80, levain de Seigle T170, Noix, eau, sel",
    "prix": 8.23,
    "unite": 1,
    "image_filename": null
  },
  {
    "id": 5677,
    "catalog_file_id": 259,
    "produit": "Brioche 450 g",
    "description": "Brioche au beurre Isigny Sainte Mère AOP et aux oeufs. Pas de lait ni d'eau. ingrédients : Farine de Blé T65, Levain de laitOeufs entiers, beurre Isigny St Mère, sucre de canne, sel, levure ",
    "prix": 6.18,
    "unite": 1,
    "image_filename": null
  },
  {
    "id": 5678,
    "catalog_file_id": 259,
    "produit": "Brioche Provençale \"Pompe à l'huile\"",
    "description": "Brioche sans beurre ni œuf, dessert traditionnel du diner des apôtres,\r\nNaturellement Vegan ingrédients : Farine de Blé T65\r\nLevain de Blé\r\nEau, sel, levure\r\nHuile d'Olive",
    "prix": 1.58,
    "unite": 1,
    "image_filename": null
  },
  {
    "id": 5679,
    "catalog_file_id": 259,
    "produit": "Pain de Riz et Sorgho aux graines en petit moule 500 g",
    "description": "Base du pain de riz et Sorgho, \r\nMélange de graines oléagineuses\r\n ingrédients : Farine de Riz\r\nfarine de sorgho\r\neau, sel, levain, huile d'olive\r\n\r\nLin brun, lin doré, pavot, sésame, tournesol.",
    "prix": 4.91,
    "unite": 1,
    "image_filename": null
  },
  {
    "id": 5680,
    "catalog_file_id": 259,
    "produit": "Roulé Cannelle 100 g",
    "description": "Sur une base de pain au lait, incorporation d'un beurre cannelle, puis tressage. ingrédients : Farine de Blé T65, lait, oeuf, beurre, sucre, sel, cannelle, levure",
    "prix": 1.69,
    "unite": 1,
    "image_filename": null
  },
  {
    "id": 5681,
    "catalog_file_id": 259,
    "produit": "Shokupan 1400 g",
    "description": "Pain de Mie de tradition Japonaise réalisée sur 3 pâtes et au levain de Panettone. \r\nConservation exceptionnelle de 10 jours sous film.\r\n11cm x 11cm x 36 cm ingrédients : Farine de Blé T55,\r\nLevain de Panettone\r\nLait, eau, sucre de canne, beurre isigny sainte mère,\r\nsel",
    "prix": 11.92,
    "unite": 1,
    "image_filename": null
  },
  {
    "id": 5682,
    "catalog_file_id": 259,
    "produit": "Crackers",
    "description": "Crackers au levain de seigle et graines oléagineuses, huile d'olive, origan ingrédients : Farine de Blé T80\r\nFarine de Seigle T170\r\neau, sel, Lin Brun, Lin doré, Pavot, Sésame , Tournesol, Huile d'Olive, Origan",
    "prix": 15.09,
    "unite": 1,
    "image_filename": null
  },
  {
    "id": 5683,
    "catalog_file_id": 259,
    "produit": "Cookies Noix-Noisettes-Chocolat",
    "description": "Cookies de 70 g\r\nGénéreusement garni de Noix, Noisettes et Chocolat ingrédients : Farine de Blé T65,\r\nOeufs entier, Beurre Isisgny Ste Mère, Sucre de Canne, \r\nNoix, Noisettes, Chocolat noir 66%\r\nsel, poudre levante",
    "prix": 1,
    "unite": 1,
    "image_filename": null
  },
  {
    "id": 5684,
    "catalog_file_id": 259,
    "produit": "Canistrellis",
    "description": "Biscuits de tradition Corse, à l'anis, huile d'olive et vin blanc ingrédients : Farine de Blé T65,\r\nhuile d'olive, vin blanc, sucre, sel, graines d'anis, poudre levante",
    "prix": 15.56,
    "unite": 1,
    "image_filename": null
  },
  {
    "id": 5685,
    "catalog_file_id": 259,
    "produit": "Brownie",
    "description": "Brownie aux Noix et chocolat noir 66% ingrédients : Farine de Blé T65\r\n Beurre Isigny St Mère, Œuf entier, sucre, noix, sel, poudre levante",
    "prix": 2.69,
    "unite": 1,
    "image_filename": null
  },
  {
    "id": 5686,
    "catalog_file_id": 259,
    "produit": "Pain de Campagne Grand Moulé 1300g",
    "description": "Pain de Campagne cuit en moule rectangulaire. ingrédients : Farine de Blé T80, levain de Seigle T170, eau, sel",
    "prix": 4.43,
    "unite": 1,
    "image_filename": null
  },
  {
    "id": 5687,
    "catalog_file_id": 259,
    "produit": "Cake au citron",
    "description": "Pour les amoureux du citron !\r\nZest de citron, jus de citron, citron confit, sirop de citron. ingrédients : Farine de Blé T65,\r\nCitron jaune\r\nSucre de canne, Œuf entier, beurre Isigny Ste Mère, amidon de Maïs, sel ",
    "prix": 7.91,
    "unite": 1,
    "image_filename": null
  },
  {
    "id": 5688,
    "catalog_file_id": 259,
    "produit": "Pain de Campagne Grand Moulé 1500g",
    "description": "Pain de Campagne cuit en moule rectangulaire. ingrédients : Farine de Blé T80, levain de Seigle T170, eau, sel",
    "prix": 4.43,
    "unite": 1,
    "image_filename": null
  },
  {
    "id": 5689,
    "catalog_file_id": 259,
    "produit": "Pain de Campagne Banneton 1000 g",
    "description": "Pain façonné en banneton osier et cuit à même sur la sole du four. Une croûte profonde et mie ouverte. ingrédients : Farine de Blé T80, levain de Seigle T170, eau, sel",
    "prix": 4.43,
    "unite": 1,
    "image_filename": null
  },
  {
    "id": 5690,
    "catalog_file_id": 259,
    "produit": "Sechskornbröt Petit moulé 500 g",
    "description": "Farine de Seigle Complet Blé semi complet Levain de seigle Sel et eau Tournesol, flocon d'avoine, lin brun, lin doré, graines de courge",
    "prix": 2.95,
    "unite": 1,
    "image_filename": null
  },
  {
    "id": 5691,
    "catalog_file_id": 259,
    "produit": "Pain aux graines Grand Moulé 1300g",
    "description": "Pain aux graines oléagineuses sur base de pain de campagne.  ingrédients : Farine de Blé T80, levain de Seigle T170, lin brun, lin doré, tournesol, sésame, pavot, eau, sel",
    "prix": 5.05,
    "unite": 1,
    "image_filename": null
  },
  {
    "id": 5692,
    "catalog_file_id": 259,
    "produit": "Pain aux graines Banneton 1000g",
    "description": "Pain façonné en banneton osier et cuit à même sur la sole du four. Une croûte profonde et mie ouverte. ingrédients : Farine de Blé T80, levain de Seigle T170, lin brun, lin doré, tournesol, sésame, pavot, eau, sel",
    "prix": 5.05,
    "unite": 1,
    "image_filename": null
  },
  {
    "id": 5693,
    "catalog_file_id": 259,
    "produit": "Brioche 900 g",
    "description": "Brioche au beurre Isigny Sainte Mère AOP et aux oeufs. Pas de lait ni d'eau. ingrédients : Farine de Blé T65, \r\nLevain de lait\r\nOeufs entiers, beurre Isigny St Mère, \r\nsucre de canne, sel, levure ",
    "prix": 12.55,
    "unite": 1,
    "image_filename": null
  },
  {
    "id": 5694,
    "catalog_file_id": 259,
    "produit": "Pain complet Grand Moulé 1300g",
    "description": "Pain complet riche en fibres et minéraux, sans acide phytique grâce à la longue fermentation au levain. ingrédients : Farine de Blé T80, Rémoulage, son fin,  levain de Seigle T170, eau, sel",
    "prix": 4.59,
    "unite": 1,
    "image_filename": null
  },
  {
    "id": 5695,
    "catalog_file_id": 259,
    "produit": "Shokupan 500 g",
    "description": "Pain de Mie de tradition Japonaise réalisée sur 3 pâtes et au levain de Panettone. \r\nConservation exceptionnelle de 10 jours sous film.\r\n10cm x 10cm x 19 cm ingrédients : Farine de Blé T55,\r\nLevain de Panettone\r\nLait, eau, sucre de canne, beurre isigny sainte mère,\r\nsel",
    "prix": 4.85,
    "unite": 1,
    "image_filename": null
  },
  {
    "id": 5696,
    "catalog_file_id": 260,
    "produit": "Pain de Campagne Miche 2000 g",
    "description": "Gros pain de 2 kg, très longue cuisson.  ingrédients : Farine de Blé T80, levain de Seigle T170, eau, sel",
    "prix": 4.43,
    "unite": 1,
    "image_filename": null
  },
  {
    "id": 5697,
    "catalog_file_id": 260,
    "produit": "Petit Epeautre petit moule 500 g",
    "description": "Pain à la farine de Petit épeautre complet (engrain), et au levain de petit épeautre complet.\r\nTerroir AOP des Alpes de Haute Provence\r\nTrès riche en protéine et pauvre en gluten. ingrédients : Farine de Petit Epeautre complet\r\nlevain de Petit Epeautre, \r\neau, sel",
    "prix": 3.8,
    "unite": 1,
    "image_filename": null
  },
  {
    "id": 5698,
    "catalog_file_id": 260,
    "produit": "Roulé Cannelle 100 g",
    "description": "Sur une base de pain au lait, incorporation d'un beurre cannelle, puis tressage. ingrédients : Farine de Blé T65, lait, oeuf, beurre, sucre, sel, cannelle, levure",
    "prix": 1.69,
    "unite": 1,
    "image_filename": null
  },
  {
    "id": 5699,
    "catalog_file_id": 260,
    "produit": "Pain de Méteil en Boule 1000 g",
    "description": "Pain rustique mi blé mi seigle au levain de seigle ingrédients : Farine de Blé T80\r\nFarine de Seigle T70\r\neau, sel, levain de seigle",
    "prix": 4.91,
    "unite": 1,
    "image_filename": null
  },
  {
    "id": 5700,
    "catalog_file_id": 260,
    "produit": "Pain Complet Banneton 1000 g",
    "description": "Pain complet riche en fibres et minéraux, sans acide phytique grâce à la longue fermentation au levain. ingrédients : Pain complet riche en fibres et minéraux, sans acide phytique grâce à la longue fermentation au levain.",
    "prix": 4.59,
    "unite": 1,
    "image_filename": null
  },
  {
    "id": 5701,
    "catalog_file_id": 260,
    "produit": "Pain au Maïs en petit moules 500 g",
    "description": "Farine de Maïs Ancien Grand Roux Basque\r\nBlé et Graines de tournesol ingrédients : Farine de Maïs\r\nFarine de Blé T65\r\nLevain de Blé, eau, sel\r\nGraines de tournesol\r\nCurcuma",
    "prix": 3.69,
    "unite": 1,
    "image_filename": null
  },
  {
    "id": 5702,
    "catalog_file_id": 260,
    "produit": "Pain complet Grand Moulé 1300g",
    "description": "Pain complet riche en fibres et minéraux, sans acide phytique grâce à la longue fermentation au levain. ingrédients : Farine de Blé T80, Rémoulage, son fin,  levain de Seigle T170, eau, sel",
    "prix": 4.59,
    "unite": 1,
    "image_filename": null
  },
  {
    "id": 5703,
    "catalog_file_id": 260,
    "produit": "Brioche 450 g",
    "description": "Brioche au beurre Isigny Sainte Mère AOP et aux oeufs. Pas de lait ni d'eau. ingrédients : Farine de Blé T65, Levain de laitOeufs entiers, beurre Isigny St Mère, sucre de canne, sel, levure ",
    "prix": 6.18,
    "unite": 1,
    "image_filename": null
  },
  {
    "id": 5704,
    "catalog_file_id": 260,
    "produit": "Brioche 900 g",
    "description": "Brioche au beurre Isigny Sainte Mère AOP et aux oeufs. Pas de lait ni d'eau. ingrédients : Farine de Blé T65, \r\nLevain de lait\r\nOeufs entiers, beurre Isigny St Mère, \r\nsucre de canne, sel, levure ",
    "prix": 12.55,
    "unite": 1,
    "image_filename": null
  },
  {
    "id": 5705,
    "catalog_file_id": 260,
    "produit": "Brioche Provençale \"Pompe à l'huile\"",
    "description": "Brioche sans beurre ni œuf, dessert traditionnel du diner des apôtres,\r\nNaturellement Vegan ingrédients : Farine de Blé T65\r\nLevain de Blé\r\nEau, sel, levure\r\nHuile d'Olive",
    "prix": 1.58,
    "unite": 1,
    "image_filename": null
  },
  {
    "id": 5706,
    "catalog_file_id": 260,
    "produit": "Cookies Noix-Noisettes-Chocolat",
    "description": "Cookies de 70 g\r\nGénéreusement garni de Noix, Noisettes et Chocolat ingrédients : Farine de Blé T65,\r\nOeufs entier, Beurre Isisgny Ste Mère, Sucre de Canne, \r\nNoix, Noisettes, Chocolat noir 66%\r\nsel, poudre levante",
    "prix": 1,
    "unite": 1,
    "image_filename": null
  },
  {
    "id": 5707,
    "catalog_file_id": 260,
    "produit": "Canistrellis",
    "description": "Biscuits de tradition Corse, à l'anis, huile d'olive et vin blanc ingrédients : Farine de Blé T65,\r\nhuile d'olive, vin blanc, sucre, sel, graines d'anis, poudre levante",
    "prix": 15.56,
    "unite": 1,
    "image_filename": null
  },
  {
    "id": 5708,
    "catalog_file_id": 260,
    "produit": "Pain de Campagne Grand Moulé 1300g",
    "description": "Pain de Campagne cuit en moule rectangulaire. ingrédients : Farine de Blé T80, levain de Seigle T170, eau, sel",
    "prix": 4.43,
    "unite": 1,
    "image_filename": null
  },
  {
    "id": 5709,
    "catalog_file_id": 260,
    "produit": "Pain de Campagne Banneton 1000 g",
    "description": "Pain façonné en banneton osier et cuit à même sur la sole du four. Une croûte profonde et mie ouverte. ingrédients : Farine de Blé T80, levain de Seigle T170, eau, sel",
    "prix": 4.43,
    "unite": 1,
    "image_filename": null
  },
  {
    "id": 5710,
    "catalog_file_id": 260,
    "produit": "Brownie",
    "description": "Brownie aux Noix et chocolat noir 66% ingrédients : Farine de Blé T65\r\n Beurre Isigny St Mère, Œuf entier, sucre, noix, sel, poudre levante",
    "prix": 2.69,
    "unite": 1,
    "image_filename": null
  },
  {
    "id": 5711,
    "catalog_file_id": 260,
    "produit": "Cake au citron",
    "description": "Pour les amoureux du citron !\r\nZest de citron, jus de citron, citron confit, sirop de citron. ingrédients : Farine de Blé T65,\r\nCitron jaune\r\nSucre de canne, Œuf entier, beurre Isigny Ste Mère, amidon de Maïs, sel ",
    "prix": 7.91,
    "unite": 1,
    "image_filename": null
  },
  {
    "id": 5712,
    "catalog_file_id": 260,
    "produit": "Pain de Campagne Grand Moulé 1500g",
    "description": "Pain de Campagne cuit en moule rectangulaire. ingrédients : Farine de Blé T80, levain de Seigle T170, eau, sel",
    "prix": 4.43,
    "unite": 1,
    "image_filename": null
  },
  {
    "id": 5713,
    "catalog_file_id": 260,
    "produit": "Sechskornbröt Petit moulé 500 g",
    "description": "Farine de Seigle Complet Blé semi complet Levain de seigle Sel et eau Tournesol, flocon d'avoine, lin brun, lin doré, graines de courge",
    "prix": 2.95,
    "unite": 1,
    "image_filename": null
  },
  {
    "id": 5714,
    "catalog_file_id": 260,
    "produit": "Pain aux Noix Grand Moulé 1300 g",
    "description": "Un pain aux noix concassées et réhydratées, sur la base du pain de Campagne.  ingrédients : Farine de Blé T80, levain de Seigle T170, Noix, eau, sel",
    "prix": 8.23,
    "unite": 1,
    "image_filename": null
  },
  {
    "id": 5715,
    "catalog_file_id": 260,
    "produit": "Pain aux graines Banneton 1000g",
    "description": "Pain façonné en banneton osier et cuit à même sur la sole du four. Une croûte profonde et mie ouverte. ingrédients : Farine de Blé T80, levain de Seigle T170, lin brun, lin doré, tournesol, sésame, pavot, eau, sel",
    "prix": 5.05,
    "unite": 1,
    "image_filename": null
  },
  {
    "id": 5716,
    "catalog_file_id": 260,
    "produit": "Pain aux graines Grand Moulé 1300g",
    "description": "Pain aux graines oléagineuses sur base de pain de campagne.  ingrédients : Farine de Blé T80, levain de Seigle T170, lin brun, lin doré, tournesol, sésame, pavot, eau, sel",
    "prix": 5.05,
    "unite": 1,
    "image_filename": null
  },
  {
    "id": 5717,
    "catalog_file_id": 260,
    "produit": "Pain Généreux Grand Moulé 1300g",
    "description": "Pain aux fruits sec et fruits à coque, enveloppé dans des flocons d'avoine. ingrédients : Farine de Blé T80, levain de Seigle T170, Noisettes, Abricots, raisins de corinthe, flocons d'avoines, graines de courge, eau, sel",
    "prix": 6.7,
    "unite": 1,
    "image_filename": null
  },
  {
    "id": 5718,
    "catalog_file_id": 260,
    "produit": "Pain de Campagne Moule Fermé 1500 g",
    "description": "Pain de Campagne cuit en moule fermé.\r\nIl a une forme parfaitement rectangulaire, et très peu de croûte ingrédients : Farine de Blé T80, levain de Seigle T170, eau, sel",
    "prix": 4.43,
    "unite": 1,
    "image_filename": null
  },
  {
    "id": 5719,
    "catalog_file_id": 260,
    "produit": "Pain aux graines Miche 2000 g",
    "description": "Gros pain de 2 kg, très longue cuisson.  ingrédients : Farine de Blé T80, levain de Seigle T170, lin brun, lin doré, tournesol, sésame, pavot, eau, sel",
    "prix": 5.05,
    "unite": 1,
    "image_filename": null
  },
  {
    "id": 5720,
    "catalog_file_id": 260,
    "produit": "Pain de Riz et Sorgho petit moule 500 g",
    "description": "Farines de Riz et de Sorgho, naturellement sans gluten, Huile d'olive. ingrédients : Farine de Riz\r\nFarine de Sorgho\r\nEau, sel, huile d'olive, levain et levure",
    "prix": 4.59,
    "unite": 1,
    "image_filename": null
  },
  {
    "id": 5721,
    "catalog_file_id": 260,
    "produit": "Petit Epeautre Grand  moule 1300 g",
    "description": "Pain à la farine de Petit épeautre complet (engrain), et au levain de petit épeautre complet.\r\nTerroir AOP des Alpes de Haute Provence\r\nTrès riche en protéine et pauvre en gluten. ingrédients : Farine de Petit Epeautre complet\r\nlevain de Petit Epeautre, \r\neau, sel",
    "prix": 8.02,
    "unite": 1,
    "image_filename": null
  },
  {
    "id": 5722,
    "catalog_file_id": 260,
    "produit": "Pain de Khorasan en boule de 800 g",
    "description": "Farine de Blé dur ancien de variété Khorasan.  ingrédients : Farine de Khorasan \r\nLevain de Khorasan\r\neau, sel",
    "prix": 6.27,
    "unite": 1,
    "image_filename": null
  },
  {
    "id": 5723,
    "catalog_file_id": 260,
    "produit": "Pain Intégral Grand Moulé 1300 g",
    "description": "Pain au levain de seigle, réalisé avec l'intégralité du grain de blé.  Très riche en fibres et minéraux ingrédients : Farine de Blé T80, Rémoulage, son gros, son fin,  levain de Seigle T170, eau, sel",
    "prix": 4.59,
    "unite": 1,
    "image_filename": null
  },
  {
    "id": 5724,
    "catalog_file_id": 260,
    "produit": "Pain de Riz et Sorgho aux graines en petit moule 500 g",
    "description": "Base du pain de riz et Sorgho, \r\nMélange de graines oléagineuses\r\n ingrédients : Farine de Riz\r\nfarine de sorgho\r\neau, sel, levain, huile d'olive\r\n\r\nLin brun, lin doré, pavot, sésame, tournesol.",
    "prix": 4.91,
    "unite": 1,
    "image_filename": null
  },
  {
    "id": 5725,
    "catalog_file_id": 261,
    "produit": "Pain aux graines Miche 2000 g",
    "description": "Gros pain de 2 kg, très longue cuisson.  ingrédients : Farine de Blé T80, levain de Seigle T170, lin brun, lin doré, tournesol, sésame, pavot, eau, sel",
    "prix": 5.05,
    "unite": 1,
    "image_filename": null
  },
  {
    "id": 5726,
    "catalog_file_id": 261,
    "produit": "Petit Epeautre petit moule 500 g",
    "description": "Pain à la farine de Petit épeautre complet (engrain), et au levain de petit épeautre complet.\r\nTerroir AOP des Alpes de Haute Provence\r\nTrès riche en protéine et pauvre en gluten. ingrédients : Farine de Petit Epeautre complet\r\nlevain de Petit Epeautre, \r\neau, sel",
    "prix": 3.8,
    "unite": 1,
    "image_filename": null
  },
  {
    "id": 5727,
    "catalog_file_id": 261,
    "produit": "Pain de Campagne Miche 2000 g",
    "description": "Gros pain de 2 kg, très longue cuisson.  ingrédients : Farine de Blé T80, levain de Seigle T170, eau, sel",
    "prix": 4.43,
    "unite": 1,
    "image_filename": null
  },
  {
    "id": 5728,
    "catalog_file_id": 261,
    "produit": "Pain de Campagne Moule Fermé 1500 g",
    "description": "Pain de Campagne cuit en moule fermé.\r\nIl a une forme parfaitement rectangulaire, et très peu de croûte ingrédients : Farine de Blé T80, levain de Seigle T170, eau, sel",
    "prix": 4.43,
    "unite": 1,
    "image_filename": null
  },
  {
    "id": 5729,
    "catalog_file_id": 261,
    "produit": "Pain de Riz et Sorgho petit moule 500 g",
    "description": "Farines de Riz et de Sorgho, naturellement sans gluten, Huile d'olive. ingrédients : Farine de Riz\r\nFarine de Sorgho\r\nEau, sel, huile d'olive, levain et levure",
    "prix": 4.59,
    "unite": 1,
    "image_filename": null
  },
  {
    "id": 5730,
    "catalog_file_id": 261,
    "produit": "Pain Généreux Grand Moulé 1300g",
    "description": "Pain aux fruits sec et fruits à coque, enveloppé dans des flocons d'avoine. ingrédients : Farine de Blé T80, levain de Seigle T170, Noisettes, Abricots, raisins de corinthe, flocons d'avoines, graines de courge, eau, sel",
    "prix": 6.7,
    "unite": 1,
    "image_filename": null
  },
  {
    "id": 5731,
    "catalog_file_id": 261,
    "produit": "Petit Epeautre Grand  moule 1300 g",
    "description": "Pain à la farine de Petit épeautre complet (engrain), et au levain de petit épeautre complet.\r\nTerroir AOP des Alpes de Haute Provence\r\nTrès riche en protéine et pauvre en gluten. ingrédients : Farine de Petit Epeautre complet\r\nlevain de Petit Epeautre, \r\neau, sel",
    "prix": 8.02,
    "unite": 1,
    "image_filename": null
  },
  {
    "id": 5732,
    "catalog_file_id": 261,
    "produit": "Pain Complet Banneton 1000 g",
    "description": "Pain complet riche en fibres et minéraux, sans acide phytique grâce à la longue fermentation au levain. ingrédients : Pain complet riche en fibres et minéraux, sans acide phytique grâce à la longue fermentation au levain.",
    "prix": 4.59,
    "unite": 1,
    "image_filename": null
  },
  {
    "id": 5733,
    "catalog_file_id": 261,
    "produit": "Pain au Maïs en petit moules 500 g",
    "description": "Farine de Maïs Ancien Grand Roux Basque\r\nBlé et Graines de tournesol ingrédients : Farine de Maïs\r\nFarine de Blé T65\r\nLevain de Blé, eau, sel\r\nGraines de tournesol\r\nCurcuma",
    "prix": 3.69,
    "unite": 1,
    "image_filename": null
  },
  {
    "id": 5734,
    "catalog_file_id": 261,
    "produit": "Pain Intégral Grand Moulé 1300 g",
    "description": "Pain au levain de seigle, réalisé avec l'intégralité du grain de blé.  Très riche en fibres et minéraux ingrédients : Farine de Blé T80, Rémoulage, son gros, son fin,  levain de Seigle T170, eau, sel",
    "prix": 4.59,
    "unite": 1,
    "image_filename": null
  },
  {
    "id": 5735,
    "catalog_file_id": 261,
    "produit": "Pain aux Noix Grand Moulé 1300 g",
    "description": "Un pain aux noix concassées et réhydratées, sur la base du pain de Campagne.  ingrédients : Farine de Blé T80, levain de Seigle T170, Noix, eau, sel",
    "prix": 8.23,
    "unite": 1,
    "image_filename": null
  },
  {
    "id": 5736,
    "catalog_file_id": 261,
    "produit": "Brioche 450 g",
    "description": "Brioche au beurre Isigny Sainte Mère AOP et aux oeufs. Pas de lait ni d'eau. ingrédients : Farine de Blé T65, Levain de laitOeufs entiers, beurre Isigny St Mère, sucre de canne, sel, levure ",
    "prix": 6.18,
    "unite": 1,
    "image_filename": null
  },
  {
    "id": 5737,
    "catalog_file_id": 261,
    "produit": "Brioche Provençale \"Pompe à l'huile\"",
    "description": "Brioche sans beurre ni œuf, dessert traditionnel du diner des apôtres,\r\nNaturellement Vegan ingrédients : Farine de Blé T65\r\nLevain de Blé\r\nEau, sel, levure\r\nHuile d'Olive",
    "prix": 1.58,
    "unite": 1,
    "image_filename": null
  },
  {
    "id": 5738,
    "catalog_file_id": 261,
    "produit": "Pain de Riz et Sorgho aux graines en petit moule 500 g",
    "description": "Base du pain de riz et Sorgho, \r\nMélange de graines oléagineuses\r\n ingrédients : Farine de Riz\r\nfarine de sorgho\r\neau, sel, levain, huile d'olive\r\n\r\nLin brun, lin doré, pavot, sésame, tournesol.",
    "prix": 4.91,
    "unite": 1,
    "image_filename": null
  },
  {
    "id": 5739,
    "catalog_file_id": 261,
    "produit": "Roulé Cannelle 100 g",
    "description": "Sur une base de pain au lait, incorporation d'un beurre cannelle, puis tressage. ingrédients : Farine de Blé T65, lait, oeuf, beurre, sucre, sel, cannelle, levure",
    "prix": 1.69,
    "unite": 1,
    "image_filename": null
  },
  {
    "id": 5740,
    "catalog_file_id": 261,
    "produit": "Shokupan 1400 g",
    "description": "Pain de Mie de tradition Japonaise réalisée sur 3 pâtes et au levain de Panettone. \r\nConservation exceptionnelle de 10 jours sous film.\r\n11cm x 11cm x 36 cm ingrédients : Farine de Blé T55,\r\nLevain de Panettone\r\nLait, eau, sucre de canne, beurre isigny sainte mère,\r\nsel",
    "prix": 11.92,
    "unite": 1,
    "image_filename": null
  },
  {
    "id": 5741,
    "catalog_file_id": 261,
    "produit": "Crackers",
    "description": "Crackers au levain de seigle et graines oléagineuses, huile d'olive, origan ingrédients : Farine de Blé T80\r\nFarine de Seigle T170\r\neau, sel, Lin Brun, Lin doré, Pavot, Sésame , Tournesol, Huile d'Olive, Origan",
    "prix": 15.09,
    "unite": 1,
    "image_filename": null
  },
  {
    "id": 5742,
    "catalog_file_id": 261,
    "produit": "Cookies Noix-Noisettes-Chocolat",
    "description": "Cookies de 70 g\r\nGénéreusement garni de Noix, Noisettes et Chocolat ingrédients : Farine de Blé T65,\r\nOeufs entier, Beurre Isisgny Ste Mère, Sucre de Canne, \r\nNoix, Noisettes, Chocolat noir 66%\r\nsel, poudre levante",
    "prix": 1,
    "unite": 1,
    "image_filename": null
  },
  {
    "id": 5743,
    "catalog_file_id": 261,
    "produit": "Canistrellis",
    "description": "Biscuits de tradition Corse, à l'anis, huile d'olive et vin blanc ingrédients : Farine de Blé T65,\r\nhuile d'olive, vin blanc, sucre, sel, graines d'anis, poudre levante",
    "prix": 15.56,
    "unite": 1,
    "image_filename": null
  },
  {
    "id": 5744,
    "catalog_file_id": 261,
    "produit": "Brownie",
    "description": "Brownie aux Noix et chocolat noir 66% ingrédients : Farine de Blé T65\r\n Beurre Isigny St Mère, Œuf entier, sucre, noix, sel, poudre levante",
    "prix": 2.69,
    "unite": 1,
    "image_filename": null
  },
  {
    "id": 5745,
    "catalog_file_id": 261,
    "produit": "Pain de Campagne Grand Moulé 1300g",
    "description": "Pain de Campagne cuit en moule rectangulaire. ingrédients : Farine de Blé T80, levain de Seigle T170, eau, sel",
    "prix": 4.43,
    "unite": 1,
    "image_filename": null
  },
  {
    "id": 5746,
    "catalog_file_id": 261,
    "produit": "Cake au citron",
    "description": "Pour les amoureux du citron !\r\nZest de citron, jus de citron, citron confit, sirop de citron. ingrédients : Farine de Blé T65,\r\nCitron jaune\r\nSucre de canne, Œuf entier, beurre Isigny Ste Mère, amidon de Maïs, sel ",
    "prix": 7.91,
    "unite": 1,
    "image_filename": null
  },
  {
    "id": 5747,
    "catalog_file_id": 261,
    "produit": "Pain de Campagne Grand Moulé 1500g",
    "description": "Pain de Campagne cuit en moule rectangulaire. ingrédients : Farine de Blé T80, levain de Seigle T170, eau, sel",
    "prix": 4.43,
    "unite": 1,
    "image_filename": null
  },
  {
    "id": 5748,
    "catalog_file_id": 261,
    "produit": "Pain de Campagne Banneton 1000 g",
    "description": "Pain façonné en banneton osier et cuit à même sur la sole du four. Une croûte profonde et mie ouverte. ingrédients : Farine de Blé T80, levain de Seigle T170, eau, sel",
    "prix": 4.43,
    "unite": 1,
    "image_filename": null
  },
  {
    "id": 5749,
    "catalog_file_id": 261,
    "produit": "Sechskornbröt Petit moulé 500 g",
    "description": "Farine de Seigle Complet Blé semi complet Levain de seigle Sel et eau Tournesol, flocon d'avoine, lin brun, lin doré, graines de courge",
    "prix": 2.95,
    "unite": 1,
    "image_filename": null
  },
  {
    "id": 5750,
    "catalog_file_id": 261,
    "produit": "Pain aux graines Grand Moulé 1300g",
    "description": "Pain aux graines oléagineuses sur base de pain de campagne.  ingrédients : Farine de Blé T80, levain de Seigle T170, lin brun, lin doré, tournesol, sésame, pavot, eau, sel",
    "prix": 5.05,
    "unite": 1,
    "image_filename": null
  },
  {
    "id": 5751,
    "catalog_file_id": 261,
    "produit": "Pain aux graines Banneton 1000g",
    "description": "Pain façonné en banneton osier et cuit à même sur la sole du four. Une croûte profonde et mie ouverte. ingrédients : Farine de Blé T80, levain de Seigle T170, lin brun, lin doré, tournesol, sésame, pavot, eau, sel",
    "prix": 5.05,
    "unite": 1,
    "image_filename": null
  },
  {
    "id": 5752,
    "catalog_file_id": 261,
    "produit": "Brioche 900 g",
    "description": "Brioche au beurre Isigny Sainte Mère AOP et aux oeufs. Pas de lait ni d'eau. ingrédients : Farine de Blé T65, \r\nLevain de lait\r\nOeufs entiers, beurre Isigny St Mère, \r\nsucre de canne, sel, levure ",
    "prix": 12.55,
    "unite": 1,
    "image_filename": null
  },
  {
    "id": 5753,
    "catalog_file_id": 261,
    "produit": "Pain complet Grand Moulé 1300g",
    "description": "Pain complet riche en fibres et minéraux, sans acide phytique grâce à la longue fermentation au levain. ingrédients : Farine de Blé T80, Rémoulage, son fin,  levain de Seigle T170, eau, sel",
    "prix": 4.59,
    "unite": 1,
    "image_filename": null
  },
  {
    "id": 5754,
    "catalog_file_id": 261,
    "produit": "Shokupan 500 g",
    "description": "Pain de Mie de tradition Japonaise réalisée sur 3 pâtes et au levain de Panettone. \r\nConservation exceptionnelle de 10 jours sous film.\r\n10cm x 10cm x 19 cm ingrédients : Farine de Blé T55,\r\nLevain de Panettone\r\nLait, eau, sucre de canne, beurre isigny sainte mère,\r\nsel",
    "prix": 4.85,
    "unite": 1,
    "image_filename": null
  },
  {
    "id": 5755,
    "catalog_file_id": 262,
    "produit": "Poitrine entière ",
    "description": "environ 4 kg à 10 € le kg",
    "prix": 40,
    "unite": 1,
    "image_filename": null
  },
  {
    "id": 5756,
    "catalog_file_id": 262,
    "produit": "Longe entière sans os",
    "description": "environ 6 kg à 12,50 € le kg ",
    "prix": 75,
    "unite": 1,
    "image_filename": null
  },
  {
    "id": 5757,
    "catalog_file_id": 262,
    "produit": "Mélange prêt pour pâté",
    "description": "viande avec foie déjà salé et poivré vendu au kg",
    "prix": 11,
    "unite": 1,
    "image_filename": null
  },
  {
    "id": 5758,
    "catalog_file_id": 262,
    "produit": "foie",
    "description": "vendu au kg",
    "prix": 6.5,
    "unite": 1,
    "image_filename": null
  },
  {
    "id": 5759,
    "catalog_file_id": 262,
    "produit": "capeline",
    "description": "vendu au kg",
    "prix": 4,
    "unite": 1,
    "image_filename": null
  },
  {
    "id": 5760,
    "catalog_file_id": 262,
    "produit": "gorge",
    "description": "vendu au kg",
    "prix": 6.5,
    "unite": 1,
    "image_filename": null
  },
  {
    "id": 5761,
    "catalog_file_id": 263,
    "produit": "Araignee de porc  La ferme d'Arracq",
    "description": " Sous vide environ 300 G ",
    "prix": 5.64,
    "unite": 1,
    "image_filename": null
  },
  {
    "id": 5762,
    "catalog_file_id": 263,
    "produit": "Rôti ",
    "description": "Sous vide environ 800g",
    "prix": 23.12,
    "unite": 1,
    "image_filename": null
  },
  {
    "id": 5763,
    "catalog_file_id": 263,
    "produit": "Lardons séchés La ferme d'Arracq",
    "description": "Sous vide environ 200 G \r\n ",
    "prix": 3.54,
    "unite": 1,
    "image_filename": null
  },
  {
    "id": 5764,
    "catalog_file_id": 263,
    "produit": "Chipolata par 5 La ferme d'Arracq",
    "description": "Sous vide environ 350 G ",
    "prix": 5.02,
    "unite": 1,
    "image_filename": null
  },
  {
    "id": 5765,
    "catalog_file_id": 263,
    "produit": "graisserons",
    "description": "pot de 190 gr",
    "prix": 3.94,
    "unite": 1,
    "image_filename": null
  },
  {
    "id": 5766,
    "catalog_file_id": 263,
    "produit": "Filet mignon La ferme d'Arracq",
    "description": " Sous vide environ 600 G ",
    "prix": 10.7,
    "unite": 1,
    "image_filename": null
  },
  {
    "id": 5767,
    "catalog_file_id": 263,
    "produit": "Boudin noir boyaux",
    "description": "sous vide 240 gr env. 14,35/kg",
    "prix": 3.45,
    "unite": 1,
    "image_filename": null
  },
  {
    "id": 5768,
    "catalog_file_id": 263,
    "produit": "Saucisse de Toulouse par 3 La Ferme d'Arracq",
    "description": "Sous vide environ 250 G ",
    "prix": 3.59,
    "unite": 1,
    "image_filename": null
  },
  {
    "id": 5769,
    "catalog_file_id": 263,
    "produit": "Cote de porc par 3 La ferme d'Arracq",
    "description": " Sous vide environ 600 G ",
    "prix": 7.63,
    "unite": 1,
    "image_filename": null
  },
  {
    "id": 5770,
    "catalog_file_id": 263,
    "produit": "Jambon de Bayonne en quart",
    "description": "Sous vide environ 1kg500",
    "prix": 39.12,
    "unite": 1,
    "image_filename": null
  },
  {
    "id": 5771,
    "catalog_file_id": 263,
    "produit": "Coppa tranchée",
    "description": "Sous vide 100g",
    "prix": 3.93,
    "unite": 1,
    "image_filename": null
  },
  {
    "id": 5772,
    "catalog_file_id": 263,
    "produit": "colis de porc bio prenium 5 KG",
    "description": "2X300 g d'araignée, 1kg200  côte de porc, 1kg200 filet mignon, 1 kg joue de porc, 1 kg rouelle",
    "prix": 95,
    "unite": 1,
    "image_filename": null
  },
  {
    "id": 5773,
    "catalog_file_id": 263,
    "produit": "Sauté ",
    "description": "Sous vide environ 500g",
    "prix": 6.38,
    "unite": 1,
    "image_filename": null
  },
  {
    "id": 5774,
    "catalog_file_id": 263,
    "produit": "Jambon de Bayonne tranché ",
    "description": "Sous vide environ 150 g",
    "prix": 5.67,
    "unite": 1,
    "image_filename": null
  },
  {
    "id": 5775,
    "catalog_file_id": 263,
    "produit": "Lomo séché tranché",
    "description": "Sous vide 100g",
    "prix": 3.93,
    "unite": 1,
    "image_filename": null
  },
  {
    "id": 5776,
    "catalog_file_id": 263,
    "produit": "Saucisson",
    "description": "190 g à 25,66 €/kg",
    "prix": 4.88,
    "unite": 1,
    "image_filename": null
  },
  {
    "id": 5777,
    "catalog_file_id": 263,
    "produit": "Boudin ",
    "description": "bocal 190 g ",
    "prix": 4.04,
    "unite": 1,
    "image_filename": null
  },
  {
    "id": 5778,
    "catalog_file_id": 263,
    "produit": "Pâté armagnac",
    "description": "bocal 190 g ",
    "prix": 4.15,
    "unite": 1,
    "image_filename": null
  },
  {
    "id": 5779,
    "catalog_file_id": 263,
    "produit": "Pâté de tête - Hure",
    "description": "bocal 190 g ",
    "prix": 4.15,
    "unite": 1,
    "image_filename": null
  },
  {
    "id": 5780,
    "catalog_file_id": 263,
    "produit": "Pâté campagne",
    "description": "bocal 190 g ",
    "prix": 4,
    "unite": 1,
    "image_filename": null
  },
  {
    "id": 5781,
    "catalog_file_id": 263,
    "produit": "Pâté piment",
    "description": "bocal 190 g ",
    "prix": 4.07,
    "unite": 1,
    "image_filename": null
  },
  {
    "id": 5782,
    "catalog_file_id": 263,
    "produit": "Rillettes",
    "description": "bocal 190 g ",
    "prix": 4.16,
    "unite": 1,
    "image_filename": null
  },
  {
    "id": 5783,
    "catalog_file_id": 263,
    "produit": "Chair à saucisse La ferme d'Arracq",
    "description": "Sous vide environ 500 G ",
    "prix": 5.95,
    "unite": 1,
    "image_filename": null
  },
  {
    "id": 5784,
    "catalog_file_id": 263,
    "produit": "Txitorra par 5 La ferme d'Arracq",
    "description": "sous vide environ 350 G ",
    "prix": 5.02,
    "unite": 1,
    "image_filename": null
  },
  {
    "id": 5785,
    "catalog_file_id": 263,
    "produit": "Poitrine de porc tranchée par 5 La Ferme d'Arracq",
    "description": "Sous vide environ 250 G ",
    "prix": 2.74,
    "unite": 1,
    "image_filename": null
  },
  {
    "id": 5786,
    "catalog_file_id": 263,
    "produit": "Coustou frais La ferme d'Arracq",
    "description": "Sous vide environ 500 G ",
    "prix": 3.82,
    "unite": 1,
    "image_filename": null
  },
  {
    "id": 5787,
    "catalog_file_id": 263,
    "produit": "Lardons frais La ferme d'Arracq",
    "description": " Sous vide environ 200 G ",
    "prix": 2.67,
    "unite": 1,
    "image_filename": null
  },
  {
    "id": 5788,
    "catalog_file_id": 263,
    "produit": "jambon blanc cuit  4 tranches La ferme d'Arracq",
    "description": "sous vide environ 200 G",
    "prix": 5.99,
    "unite": 1,
    "image_filename": null
  },
  {
    "id": 5789,
    "catalog_file_id": 263,
    "produit": "colis de porc  bio 10 KG",
    "description": "1KG  de chipolatas, poitrine tranchée, saucisses de Toulouse, chair à saucisse, coustou\r\n2X1KG de cotes de porc, 2X1KG sauté de porc,600 G de jarret, 2X200G lardons",
    "prix": 140,
    "unite": 1,
    "image_filename": null
  },
  {
    "id": 5790,
    "catalog_file_id": 263,
    "produit": "colis de porc frais",
    "description": "1 kg de chipolatas, côtes , poitrine tranchée, saucisses de Toulouse, sauté.",
    "prix": 70,
    "unite": 1,
    "image_filename": null
  },
  {
    "id": 5791,
    "catalog_file_id": 263,
    "produit": "joue",
    "description": "sous vide 250 gr   11,82/kg",
    "prix": 2.96,
    "unite": 1,
    "image_filename": null
  },
  {
    "id": 5792,
    "catalog_file_id": 263,
    "produit": "jarret",
    "description": "sous vide 1kg environ",
    "prix": 13.42,
    "unite": 1,
    "image_filename": null
  },
  {
    "id": 5793,
    "catalog_file_id": 263,
    "produit": "rouelle",
    "description": "sous vide 1kg env",
    "prix": 16.83,
    "unite": 1,
    "image_filename": null
  },
  {
    "id": 5794,
    "catalog_file_id": 264,
    "produit": "paquet de 2 cuisses de poulet",
    "description": "8,70 €/kg   400g",
    "prix": 3.48,
    "unite": 1,
    "image_filename": null
  },
  {
    "id": 5795,
    "catalog_file_id": 264,
    "produit": "poulet entier (moyen)",
    "description": "7,50 €/KG    pour 1kg700",
    "prix": 12.75,
    "unite": 1,
    "image_filename": null
  },
  {
    "id": 5796,
    "catalog_file_id": 264,
    "produit": "Coquelet ",
    "description": "8,10 €/kg    pour 850 g",
    "prix": 6.88,
    "unite": 1,
    "image_filename": null
  },
  {
    "id": 5797,
    "catalog_file_id": 264,
    "produit": "pintade",
    "description": "9 €/kg   pour 1kg500",
    "prix": 13.5,
    "unite": 1,
    "image_filename": null
  },
  {
    "id": 5798,
    "catalog_file_id": 264,
    "produit": "Ailes de poulets",
    "description": "Paquet de 6 ailes",
    "prix": 4.8,
    "unite": 1,
    "image_filename": null
  },
  {
    "id": 5799,
    "catalog_file_id": 265,
    "produit": "(2)Mozzarella fermière 120g - 32€/kg",
    "description": "Boule de 120 gr en pot + 1€ de consigne",
    "prix": 4.84,
    "unite": 1,
    "image_filename": null
  },
  {
    "id": 5800,
    "catalog_file_id": 265,
    "produit": "(1)Mozzarella fermière 90g - 32€/kg",
    "description": "Boule de 90 gr en pot +1€ de consigne ",
    "prix": 3.88,
    "unite": 1,
    "image_filename": null
  },
  {
    "id": 5801,
    "catalog_file_id": 265,
    "produit": "(3)Mozzarella fermière 150g - 32€/kg",
    "description": "Boule de 150 gr en pot + 1€ de consigne",
    "prix": 5.8,
    "unite": 1,
    "image_filename": null
  },
  {
    "id": 5802,
    "catalog_file_id": 265,
    "produit": "Petit Camembert au lait cru de bufflonnes ",
    "description": "Petit = 250 gr",
    "prix": 7,
    "unite": 1,
    "image_filename": null
  },
  {
    "id": 5803,
    "catalog_file_id": 265,
    "produit": "Grand Camembert au lait cru de bufflonnes",
    "description": "Grand = 300 gr",
    "prix": 9,
    "unite": 1,
    "image_filename": null
  },
  {
    "id": 5804,
    "catalog_file_id": 265,
    "produit": "Frais'tille ",
    "description": "fromage frais au lait cru (environ 200 gr)",
    "prix": 5,
    "unite": 1,
    "image_filename": null
  },
  {
    "id": 5805,
    "catalog_file_id": 265,
    "produit": "Saint-Bufflin ",
    "description": "Fromage au lait cru affiné",
    "prix": 6,
    "unite": 1,
    "image_filename": null
  },
  {
    "id": 5806,
    "catalog_file_id": 266,
    "produit": "Produit1",
    "description": "description1",
    "prix": 0,
    "unite": 1,
    "image_filename": null
  },
  {
    "id": 5807,
    "catalog_file_id": 266,
    "produit": "lentilles aux saucisses",
    "description": "820g",
    "prix": 11.2,
    "unite": 1,
    "image_filename": null
  },
  {
    "id": 5808,
    "catalog_file_id": 254,
    "produit": "CALIFORNIA THON CUIT AVOCAT",
    "description": "8 pièces",
    "prix": 6.33,
    "unite": 1,
    "image_filename": "article-5808-1768937317518-359987959.webp"
  },
  {
    "id": 5809,
    "catalog_file_id": 254,
    "produit": "SALMON PARADISE",
    "description": "4 fresh roll saumon, 4 california saumon/avocat, 2 saumon cheese roll, 6 maki saumon",
    "prix": 13.25,
    "unite": 1,
    "image_filename": "article-5809-1768938140942-27226635.webp"
  },
  {
    "id": 5810,
    "catalog_file_id": 254,
    "produit": "SAY CHEESE",
    "description": "6 nigiris saumon creamcheese, 6 california saumon creamcheese",
    "prix": 11.88,
    "unite": 1,
    "image_filename": "article-5810-1768937986176-726793471.webp"
  },
  {
    "id": 5811,
    "catalog_file_id": 254,
    "produit": "CRISPY SAUMON AVOCAT",
    "description": "8 pièces",
    "prix": 7.85,
    "unite": 1,
    "image_filename": null
  },
  {
    "id": 5812,
    "catalog_file_id": 254,
    "produit": "CRISPY POULET AVOCAT",
    "description": "8 pièces",
    "prix": 7.05,
    "unite": 1,
    "image_filename": "article-5812-1768915494667-242612871.webp"
  },
  {
    "id": 5813,
    "catalog_file_id": 254,
    "produit": "CALIFORNIA SAUMON AVOCAT",
    "description": "8 pièces",
    "prix": 6.5,
    "unite": 1,
    "image_filename": "article-5813-1768938451847-504569716.webp"
  },
  {
    "id": 5814,
    "catalog_file_id": 254,
    "produit": "CALIFORNIA POULET AVOCAT",
    "description": "8 pièces",
    "prix": 6.71,
    "unite": 1,
    "image_filename": null
  },
  {
    "id": 5815,
    "catalog_file_id": 254,
    "produit": "CRISPY THON CUIT  AVOCAT",
    "description": "8 pièces",
    "prix": 6.71,
    "unite": 1,
    "image_filename": null
  },
  {
    "id": 5816,
    "catalog_file_id": 254,
    "produit": "NIGIRI SAUMON",
    "description": "8 pièces",
    "prix": 7.27,
    "unite": 1,
    "image_filename": null
  },
  {
    "id": 5817,
    "catalog_file_id": 254,
    "produit": "NIGIRI THON/SAUMON",
    "description": "8 pièces",
    "prix": 8.51,
    "unite": 1,
    "image_filename": null
  },
  {
    "id": 5818,
    "catalog_file_id": 254,
    "produit": "POKE POULET",
    "description": "",
    "prix": 10.94,
    "unite": 1,
    "image_filename": null
  },
  {
    "id": 5819,
    "catalog_file_id": 254,
    "produit": "POKE VEGE",
    "description": "",
    "prix": 10.17,
    "unite": 1,
    "image_filename": null
  },
  {
    "id": 5822,
    "catalog_file_id": 267,
    "produit": "Poke Saumon",
    "description": "",
    "prix": 12.4,
    "unite": 1,
    "image_filename": "article-5822-1768924710653-473792057.webp"
  },
  {
    "id": 5823,
    "catalog_file_id": 267,
    "produit": "CALIFORNIA SAUMON CHEESE",
    "description": "8 pièces ",
    "prix": 7.6,
    "unite": 1,
    "image_filename": "article-5823-1768924710654-661348205.webp"
  },
  {
    "id": 5824,
    "catalog_file_id": 267,
    "produit": "CALI VS NIGIRI",
    "description": "6 nigiri saumon/6 california saumon avocat",
    "prix": 13.5,
    "unite": 1,
    "image_filename": "article-5824-1768924710658-511522332.webp"
  },
  {
    "id": 5825,
    "catalog_file_id": 267,
    "produit": "CALIFORNIA THON CUIT AVOCAT",
    "description": "8 pièces",
    "prix": 7.4,
    "unite": 1,
    "image_filename": "article-5825-1769184966072-287707363.webp"
  },
  {
    "id": 5826,
    "catalog_file_id": 267,
    "produit": "SALMON PARADISE",
    "description": "4 fresh roll saumon, 4 california saumon/avocat, 2 saumon cheese roll, 6 maki saumon",
    "prix": 15.5,
    "unite": 1,
    "image_filename": "article-5826-1769184905162-329605838.webp"
  },
  {
    "id": 5827,
    "catalog_file_id": 267,
    "produit": "SAY CHEESE",
    "description": "6 nigiris saumon creamcheese, 6 california saumon creamcheese",
    "prix": 13.9,
    "unite": 1,
    "image_filename": "article-5827-1769184848087-931178700.webp"
  },
  {
    "id": 5829,
    "catalog_file_id": 267,
    "produit": "CRISPY POULET AVOCAT",
    "description": "8 pièces",
    "prix": 8.25,
    "unite": 1,
    "image_filename": "article-5829-1768924710661-888608668.webp"
  },
  {
    "id": 5830,
    "catalog_file_id": 267,
    "produit": "CALIFORNIA SAUMON AVOCAT",
    "description": "8 pièces",
    "prix": 7.85,
    "unite": 1,
    "image_filename": "article-5830-1769185176143-350534853.webp"
  },
  {
    "id": 5835,
    "catalog_file_id": 267,
    "produit": "POKE POULET",
    "description": "",
    "prix": 12.8,
    "unite": 1,
    "image_filename": null
  },
  {
    "id": 5856,
    "catalog_file_id": 269,
    "produit": "1 Pave de truite",
    "description": "1x 120 g environ / 25.20 le kilo",
    "prix": 3,
    "unite": 1,
    "image_filename": null
  },
  {
    "id": 5857,
    "catalog_file_id": 269,
    "produit": "1 Filet de truite",
    "description": "Filet entier au prix de 25.20 le kg",
    "prix": 25.2,
    "unite": 1,
    "image_filename": null
  },
  {
    "id": 5858,
    "catalog_file_id": 269,
    "produit": "oeufs de truite truchetet_Unite_",
    "description": "oeufs de truite",
    "prix": 7.6,
    "unite": 1,
    "image_filename": null
  },
  {
    "id": 5859,
    "catalog_file_id": 269,
    "produit": "Truite fumee paquet 150g truchetet_Unite_",
    "description": "Truite fumee paquet 150g ( 4 tranches )",
    "prix": 8.5,
    "unite": 1,
    "image_filename": null
  },
  {
    "id": 5860,
    "catalog_file_id": 269,
    "produit": "Truite fumee paquet 250g_ truchetet_Unite_",
    "description": "Truite fumee paquet 250g (7 tranches)",
    "prix": 13.8,
    "unite": 1,
    "image_filename": null
  },
  {
    "id": 5861,
    "catalog_file_id": 269,
    "produit": "2 pavés de truite",
    "description": "2 x 120 g environ / 25,20 € le kg",
    "prix": 6,
    "unite": 1,
    "image_filename": null
  },
  {
    "id": 5862,
    "catalog_file_id": 269,
    "produit": "3 pavés de truite",
    "description": "3 x 120 g environ / 25,20 le kg",
    "prix": 9,
    "unite": 1,
    "image_filename": null
  },
  {
    "id": 5863,
    "catalog_file_id": 269,
    "produit": "4 pavés de truite",
    "description": "4 x 120 g environ / 25,20 € le kg",
    "prix": 12,
    "unite": 1,
    "image_filename": null
  },
  {
    "id": 5864,
    "catalog_file_id": 269,
    "produit": "5 pavés de truite ",
    "description": "5 x 120 g environ / 25, 20 le kg",
    "prix": 15,
    "unite": 1,
    "image_filename": null
  },
  {
    "id": 5865,
    "catalog_file_id": 269,
    "produit": "8 Pavés de truite",
    "description": "8 x 120 g environ/25,20 le kilo",
    "prix": 24,
    "unite": 1,
    "image_filename": null
  },
  {
    "id": 5866,
    "catalog_file_id": 269,
    "produit": "6 pavés de truite",
    "description": "6x 120g environ / 25,20 le kilo",
    "prix": 18,
    "unite": 1,
    "image_filename": null
  },
  {
    "id": 5867,
    "catalog_file_id": 270,
    "produit": "12 Steak haché surgelé",
    "description": "12 SH à 22 LE KG",
    "prix": 33,
    "unite": 1,
    "image_filename": null
  },
  {
    "id": 5868,
    "catalog_file_id": 270,
    "produit": "colis boeuf",
    "description": "colis 6,500 à 7KG environ prix 22 € / KG  \r\n- partie fixe (entrecôte, faux filet, rôti, rumsteak )\r\n- partie au choix 3 KG  à préciser  ( bourguignon ou/et jarret ou/et merguez ou/et steaks hachés surgelés)",
    "prix": 150,
    "unite": 1,
    "image_filename": null
  },
  {
    "id": 5869,
    "catalog_file_id": 270,
    "produit": "Colis de veau",
    "description": "colis environ 5,500 KG prix 20,30 € / kg\r\nrôti, côtes filets, côtes découvertes, escalopes, poitrine, sauté, saucisse pur veau",
    "prix": 110,
    "unite": 1,
    "image_filename": null
  },
  {
    "id": 5870,
    "catalog_file_id": 270,
    "produit": "axoa de veau au piment d'Espelette",
    "description": "bocal de 750 g",
    "prix": 15,
    "unite": 1,
    "image_filename": null
  },
  {
    "id": 5871,
    "catalog_file_id": 270,
    "produit": "daube de boeuf",
    "description": "bocal de 750 g",
    "prix": 15,
    "unite": 1,
    "image_filename": null
  },
  {
    "id": 5872,
    "catalog_file_id": 270,
    "produit": "blanquette de veau",
    "description": "bocal de 750 g",
    "prix": 15,
    "unite": 1,
    "image_filename": null
  },
  {
    "id": 5873,
    "catalog_file_id": 76,
    "produit": "oranges amères par colis ",
    "description": " colis de 4kg 2€kg et  par 8kg 1.80€ kg ",
    "prix": 0,
    "unite": 0.1,
    "image_filename": null
  },
  {
    "id": 5874,
    "catalog_file_id": 76,
    "produit": "oranges sanguines",
    "description": "par 5kg3,20€kg par 10kg 3€ kg ",
    "prix": 0.1,
    "unite": 1,
    "image_filename": null
  },
  {
    "id": 5875,
    "catalog_file_id": 76,
    "produit": "Noix de pecan ",
    "description": "1kg 15€ et par 5 kg  14,50 € kg ",
    "prix": 1,
    "unite": 1,
    "image_filename": null
  },
  {
    "id": 5876,
    "catalog_file_id": 76,
    "produit": "PAPAYE",
    "description": "par 2 kg 7.50 € et par 5 kg 7€ kg ",
    "prix": 1,
    "unite": 1,
    "image_filename": null
  },
  {
    "id": 5877,
    "catalog_file_id": 271,
    "produit": "Poitrine entière ",
    "description": "environ 4 kg à 10 € le kg",
    "prix": 40,
    "unite": 1,
    "image_filename": null
  },
  {
    "id": 5878,
    "catalog_file_id": 271,
    "produit": "Longe entière sans os",
    "description": "environ 6 kg à 12,50 € le kg ",
    "prix": 75,
    "unite": 1,
    "image_filename": null
  },
  {
    "id": 5879,
    "catalog_file_id": 271,
    "produit": "Mélange prêt pour pâté",
    "description": "viande avec foie déjà salé et poivré vendu au kg",
    "prix": 11,
    "unite": 1,
    "image_filename": null
  },
  {
    "id": 5880,
    "catalog_file_id": 271,
    "produit": "foie",
    "description": "vendu au kg",
    "prix": 6.5,
    "unite": 1,
    "image_filename": null
  },
  {
    "id": 5881,
    "catalog_file_id": 271,
    "produit": "capeline (dessus de la tête)",
    "description": "vendu au kg",
    "prix": 4,
    "unite": 1,
    "image_filename": null
  },
  {
    "id": 5882,
    "catalog_file_id": 271,
    "produit": "gorge",
    "description": "vendu au kg",
    "prix": 6.5,
    "unite": 1,
    "image_filename": null
  },
  {
    "id": 5883,
    "catalog_file_id": 272,
    "produit": "paquet de 2 cuisses de poulet",
    "description": "8,70 €/kg   400g",
    "prix": 3.48,
    "unite": 1,
    "image_filename": null
  },
  {
    "id": 5884,
    "catalog_file_id": 272,
    "produit": "poulet entier (moyen)",
    "description": "7,50 €/KG    pour 1kg700",
    "prix": 12.75,
    "unite": 1,
    "image_filename": null
  },
  {
    "id": 5885,
    "catalog_file_id": 272,
    "produit": "Coquelet ",
    "description": "8,10 €/kg    pour 850 g",
    "prix": 6.88,
    "unite": 1,
    "image_filename": null
  },
  {
    "id": 5886,
    "catalog_file_id": 272,
    "produit": "pintade",
    "description": "9 €/kg   pour 1kg500",
    "prix": 13.5,
    "unite": 1,
    "image_filename": null
  },
  {
    "id": 5887,
    "catalog_file_id": 272,
    "produit": "Ailes de poulets",
    "description": "Paquet de 6 ailes",
    "prix": 4.8,
    "unite": 1,
    "image_filename": null
  },
  {
    "id": 5888,
    "catalog_file_id": 273,
    "produit": "colis de 2kg500",
    "description": "1 gigot, épaule, carrés de côtes, collier",
    "prix": 48,
    "unite": 1,
    "image_filename": null
  },
  {
    "id": 5889,
    "catalog_file_id": 273,
    "produit": "colis de 3 kg",
    "description": "1 gigot, 1 épaule, 1 collier, des carrés de côtes par 3 ",
    "prix": 58,
    "unite": 1,
    "image_filename": null
  },
  {
    "id": 5890,
    "catalog_file_id": 273,
    "produit": "gelée de pommes",
    "description": "pot de 250 gr ",
    "prix": 5,
    "unite": 1,
    "image_filename": null
  },
  {
    "id": 5891,
    "catalog_file_id": 273,
    "produit": "Chausson en peau",
    "description": "Taille 37 .. (prix variable suivant taille, disponible de la taille 16 à 44 )",
    "prix": 50,
    "unite": 1,
    "image_filename": null
  },
  {
    "id": 5892,
    "catalog_file_id": 274,
    "produit": "Pain de Campagne Miche 2000 g",
    "description": "Gros pain de 2 kg, très longue cuisson.  ingrédients : Farine de Blé T80, levain de Seigle T170, eau, sel",
    "prix": 4.43,
    "unite": 1,
    "image_filename": null
  },
  {
    "id": 5893,
    "catalog_file_id": 274,
    "produit": "Petit Epeautre petit moule 500 g",
    "description": "Pain à la farine de Petit épeautre complet (engrain), et au levain de petit épeautre complet.\r\nTerroir AOP des Alpes de Haute Provence\r\nTrès riche en protéine et pauvre en gluten. ingrédients : Farine de Petit Epeautre complet\r\nlevain de Petit Epeautre, \r\neau, sel",
    "prix": 3.8,
    "unite": 1,
    "image_filename": null
  },
  {
    "id": 5894,
    "catalog_file_id": 274,
    "produit": "Roulé Cannelle 100 g",
    "description": "Sur une base de pain au lait, incorporation d'un beurre cannelle, puis tressage. ingrédients : Farine de Blé T65, lait, oeuf, beurre, sucre, sel, cannelle, levure",
    "prix": 1.69,
    "unite": 1,
    "image_filename": null
  },
  {
    "id": 5895,
    "catalog_file_id": 274,
    "produit": "Pain de Méteil en Boule 1000 g",
    "description": "Pain rustique mi blé mi seigle au levain de seigle ingrédients : Farine de Blé T80\r\nFarine de Seigle T70\r\neau, sel, levain de seigle",
    "prix": 4.91,
    "unite": 1,
    "image_filename": null
  },
  {
    "id": 5896,
    "catalog_file_id": 274,
    "produit": "Pain Complet Banneton 1000 g",
    "description": "Pain complet riche en fibres et minéraux, sans acide phytique grâce à la longue fermentation au levain. ingrédients : Pain complet riche en fibres et minéraux, sans acide phytique grâce à la longue fermentation au levain.",
    "prix": 4.59,
    "unite": 1,
    "image_filename": null
  },
  {
    "id": 5897,
    "catalog_file_id": 274,
    "produit": "Pain au Maïs en petit moules 500 g",
    "description": "Farine de Maïs Ancien Grand Roux Basque\r\nBlé et Graines de tournesol ingrédients : Farine de Maïs\r\nFarine de Blé T65\r\nLevain de Blé, eau, sel\r\nGraines de tournesol\r\nCurcuma",
    "prix": 3.69,
    "unite": 1,
    "image_filename": null
  },
  {
    "id": 5898,
    "catalog_file_id": 274,
    "produit": "Pain complet Grand Moulé 1300g",
    "description": "Pain complet riche en fibres et minéraux, sans acide phytique grâce à la longue fermentation au levain. ingrédients : Farine de Blé T80, Rémoulage, son fin,  levain de Seigle T170, eau, sel",
    "prix": 4.59,
    "unite": 1,
    "image_filename": null
  },
  {
    "id": 5899,
    "catalog_file_id": 274,
    "produit": "Brioche 450 g",
    "description": "Brioche au beurre Isigny Sainte Mère AOP et aux oeufs. Pas de lait ni d'eau. ingrédients : Farine de Blé T65, Levain de laitOeufs entiers, beurre Isigny St Mère, sucre de canne, sel, levure ",
    "prix": 6.18,
    "unite": 1,
    "image_filename": null
  },
  {
    "id": 5900,
    "catalog_file_id": 274,
    "produit": "Brioche 900 g",
    "description": "Brioche au beurre Isigny Sainte Mère AOP et aux oeufs. Pas de lait ni d'eau. ingrédients : Farine de Blé T65, \r\nLevain de lait\r\nOeufs entiers, beurre Isigny St Mère, \r\nsucre de canne, sel, levure ",
    "prix": 12.55,
    "unite": 1,
    "image_filename": null
  },
  {
    "id": 5901,
    "catalog_file_id": 274,
    "produit": "Brioche Provençale \"Pompe à l'huile\"",
    "description": "Brioche sans beurre ni œuf, dessert traditionnel du diner des apôtres,\r\nNaturellement Vegan ingrédients : Farine de Blé T65\r\nLevain de Blé\r\nEau, sel, levure\r\nHuile d'Olive",
    "prix": 1.58,
    "unite": 1,
    "image_filename": null
  },
  {
    "id": 5902,
    "catalog_file_id": 274,
    "produit": "Cookies Noix-Noisettes-Chocolat",
    "description": "Cookies de 70 g\r\nGénéreusement garni de Noix, Noisettes et Chocolat ingrédients : Farine de Blé T65,\r\nOeufs entier, Beurre Isisgny Ste Mère, Sucre de Canne, \r\nNoix, Noisettes, Chocolat noir 66%\r\nsel, poudre levante",
    "prix": 1,
    "unite": 1,
    "image_filename": null
  },
  {
    "id": 5903,
    "catalog_file_id": 274,
    "produit": "Canistrellis",
    "description": "Biscuits de tradition Corse, à l'anis, huile d'olive et vin blanc ingrédients : Farine de Blé T65,\r\nhuile d'olive, vin blanc, sucre, sel, graines d'anis, poudre levante",
    "prix": 15.56,
    "unite": 1,
    "image_filename": null
  },
  {
    "id": 5904,
    "catalog_file_id": 274,
    "produit": "Pain de Campagne Grand Moulé 1300g",
    "description": "Pain de Campagne cuit en moule rectangulaire. ingrédients : Farine de Blé T80, levain de Seigle T170, eau, sel",
    "prix": 4.43,
    "unite": 1,
    "image_filename": null
  },
  {
    "id": 5905,
    "catalog_file_id": 274,
    "produit": "Pain de Campagne Banneton 1000 g",
    "description": "Pain façonné en banneton osier et cuit à même sur la sole du four. Une croûte profonde et mie ouverte. ingrédients : Farine de Blé T80, levain de Seigle T170, eau, sel",
    "prix": 4.43,
    "unite": 1,
    "image_filename": null
  },
  {
    "id": 5906,
    "catalog_file_id": 274,
    "produit": "Brownie",
    "description": "Brownie aux Noix et chocolat noir 66% ingrédients : Farine de Blé T65\r\n Beurre Isigny St Mère, Œuf entier, sucre, noix, sel, poudre levante",
    "prix": 2.69,
    "unite": 1,
    "image_filename": null
  },
  {
    "id": 5907,
    "catalog_file_id": 274,
    "produit": "Cake au citron",
    "description": "Pour les amoureux du citron !\r\nZest de citron, jus de citron, citron confit, sirop de citron. ingrédients : Farine de Blé T65,\r\nCitron jaune\r\nSucre de canne, Œuf entier, beurre Isigny Ste Mère, amidon de Maïs, sel ",
    "prix": 7.91,
    "unite": 1,
    "image_filename": null
  },
  {
    "id": 5908,
    "catalog_file_id": 274,
    "produit": "Pain de Campagne Grand Moulé 1500g",
    "description": "Pain de Campagne cuit en moule rectangulaire. ingrédients : Farine de Blé T80, levain de Seigle T170, eau, sel",
    "prix": 4.43,
    "unite": 1,
    "image_filename": null
  },
  {
    "id": 5909,
    "catalog_file_id": 274,
    "produit": "Sechskornbröt Petit moulé 500 g",
    "description": "Farine de Seigle Complet Blé semi complet Levain de seigle Sel et eau Tournesol, flocon d'avoine, lin brun, lin doré, graines de courge",
    "prix": 2.95,
    "unite": 1,
    "image_filename": null
  },
  {
    "id": 5910,
    "catalog_file_id": 274,
    "produit": "Pain aux Noix Grand Moulé 1300 g",
    "description": "Un pain aux noix concassées et réhydratées, sur la base du pain de Campagne.  ingrédients : Farine de Blé T80, levain de Seigle T170, Noix, eau, sel",
    "prix": 8.23,
    "unite": 1,
    "image_filename": null
  },
  {
    "id": 5911,
    "catalog_file_id": 274,
    "produit": "Pain aux graines Banneton 1000g",
    "description": "Pain façonné en banneton osier et cuit à même sur la sole du four. Une croûte profonde et mie ouverte. ingrédients : Farine de Blé T80, levain de Seigle T170, lin brun, lin doré, tournesol, sésame, pavot, eau, sel",
    "prix": 5.05,
    "unite": 1,
    "image_filename": null
  },
  {
    "id": 5912,
    "catalog_file_id": 274,
    "produit": "Pain aux graines Grand Moulé 1300g",
    "description": "Pain aux graines oléagineuses sur base de pain de campagne.  ingrédients : Farine de Blé T80, levain de Seigle T170, lin brun, lin doré, tournesol, sésame, pavot, eau, sel",
    "prix": 5.05,
    "unite": 1,
    "image_filename": null
  },
  {
    "id": 5913,
    "catalog_file_id": 274,
    "produit": "Pain Généreux Grand Moulé 1300g",
    "description": "Pain aux fruits sec et fruits à coque, enveloppé dans des flocons d'avoine. ingrédients : Farine de Blé T80, levain de Seigle T170, Noisettes, Abricots, raisins de corinthe, flocons d'avoines, graines de courge, eau, sel",
    "prix": 6.7,
    "unite": 1,
    "image_filename": null
  },
  {
    "id": 5914,
    "catalog_file_id": 274,
    "produit": "Pain de Campagne Moule Fermé 1500 g",
    "description": "Pain de Campagne cuit en moule fermé.\r\nIl a une forme parfaitement rectangulaire, et très peu de croûte ingrédients : Farine de Blé T80, levain de Seigle T170, eau, sel",
    "prix": 4.43,
    "unite": 1,
    "image_filename": null
  },
  {
    "id": 5915,
    "catalog_file_id": 274,
    "produit": "Pain aux graines Miche 2000 g",
    "description": "Gros pain de 2 kg, très longue cuisson.  ingrédients : Farine de Blé T80, levain de Seigle T170, lin brun, lin doré, tournesol, sésame, pavot, eau, sel",
    "prix": 5.05,
    "unite": 1,
    "image_filename": null
  },
  {
    "id": 5916,
    "catalog_file_id": 274,
    "produit": "Pain de Riz et Sorgho petit moule 500 g",
    "description": "Farines de Riz et de Sorgho, naturellement sans gluten, Huile d'olive. ingrédients : Farine de Riz\r\nFarine de Sorgho\r\nEau, sel, huile d'olive, levain et levure",
    "prix": 4.59,
    "unite": 1,
    "image_filename": null
  },
  {
    "id": 5917,
    "catalog_file_id": 274,
    "produit": "Petit Epeautre Grand  moule 1300 g",
    "description": "Pain à la farine de Petit épeautre complet (engrain), et au levain de petit épeautre complet.\r\nTerroir AOP des Alpes de Haute Provence\r\nTrès riche en protéine et pauvre en gluten. ingrédients : Farine de Petit Epeautre complet\r\nlevain de Petit Epeautre, \r\neau, sel",
    "prix": 8.02,
    "unite": 1,
    "image_filename": null
  },
  {
    "id": 5918,
    "catalog_file_id": 274,
    "produit": "Pain de Khorasan en boule de 800 g",
    "description": "Farine de Blé dur ancien de variété Khorasan.  ingrédients : Farine de Khorasan \r\nLevain de Khorasan\r\neau, sel",
    "prix": 6.27,
    "unite": 1,
    "image_filename": null
  },
  {
    "id": 5919,
    "catalog_file_id": 274,
    "produit": "Pain Intégral Grand Moulé 1300 g",
    "description": "Pain au levain de seigle, réalisé avec l'intégralité du grain de blé.  Très riche en fibres et minéraux ingrédients : Farine de Blé T80, Rémoulage, son gros, son fin,  levain de Seigle T170, eau, sel",
    "prix": 4.59,
    "unite": 1,
    "image_filename": null
  },
  {
    "id": 5920,
    "catalog_file_id": 274,
    "produit": "Pain de Riz et Sorgho aux graines en petit moule 500 g",
    "description": "Base du pain de riz et Sorgho, \r\nMélange de graines oléagineuses\r\n ingrédients : Farine de Riz\r\nfarine de sorgho\r\neau, sel, levain, huile d'olive\r\n\r\nLin brun, lin doré, pavot, sésame, tournesol.",
    "prix": 4.91,
    "unite": 1,
    "image_filename": null
  },
  {
    "id": 5921,
    "catalog_file_id": 275,
    "produit": "Pain aux graines Miche 2000 g",
    "description": "Gros pain de 2 kg, très longue cuisson.  ingrédients : Farine de Blé T80, levain de Seigle T170, lin brun, lin doré, tournesol, sésame, pavot, eau, sel",
    "prix": 5.05,
    "unite": 1,
    "image_filename": null
  },
  {
    "id": 5922,
    "catalog_file_id": 275,
    "produit": "Petit Epeautre petit moule 500 g",
    "description": "Pain à la farine de Petit épeautre complet (engrain), et au levain de petit épeautre complet.\r\nTerroir AOP des Alpes de Haute Provence\r\nTrès riche en protéine et pauvre en gluten. ingrédients : Farine de Petit Epeautre complet\r\nlevain de Petit Epeautre, \r\neau, sel",
    "prix": 3.8,
    "unite": 1,
    "image_filename": null
  },
  {
    "id": 5923,
    "catalog_file_id": 275,
    "produit": "Pain de Campagne Miche 2000 g",
    "description": "Gros pain de 2 kg, très longue cuisson.  ingrédients : Farine de Blé T80, levain de Seigle T170, eau, sel",
    "prix": 4.43,
    "unite": 1,
    "image_filename": null
  },
  {
    "id": 5924,
    "catalog_file_id": 275,
    "produit": "Pain de Campagne Moule Fermé 1500 g",
    "description": "Pain de Campagne cuit en moule fermé.\r\nIl a une forme parfaitement rectangulaire, et très peu de croûte ingrédients : Farine de Blé T80, levain de Seigle T170, eau, sel",
    "prix": 4.43,
    "unite": 1,
    "image_filename": null
  },
  {
    "id": 5925,
    "catalog_file_id": 275,
    "produit": "Pain de Riz et Sorgho petit moule 500 g",
    "description": "Farines de Riz et de Sorgho, naturellement sans gluten, Huile d'olive. ingrédients : Farine de Riz\r\nFarine de Sorgho\r\nEau, sel, huile d'olive, levain et levure",
    "prix": 4.59,
    "unite": 1,
    "image_filename": null
  },
  {
    "id": 5926,
    "catalog_file_id": 275,
    "produit": "Pain Généreux Grand Moulé 1300g",
    "description": "Pain aux fruits sec et fruits à coque, enveloppé dans des flocons d'avoine. ingrédients : Farine de Blé T80, levain de Seigle T170, Noisettes, Abricots, raisins de corinthe, flocons d'avoines, graines de courge, eau, sel",
    "prix": 6.7,
    "unite": 1,
    "image_filename": null
  },
  {
    "id": 5927,
    "catalog_file_id": 275,
    "produit": "Petit Epeautre Grand  moule 1300 g",
    "description": "Pain à la farine de Petit épeautre complet (engrain), et au levain de petit épeautre complet.\r\nTerroir AOP des Alpes de Haute Provence\r\nTrès riche en protéine et pauvre en gluten. ingrédients : Farine de Petit Epeautre complet\r\nlevain de Petit Epeautre, \r\neau, sel",
    "prix": 8.02,
    "unite": 1,
    "image_filename": null
  },
  {
    "id": 5928,
    "catalog_file_id": 275,
    "produit": "Pain Complet Banneton 1000 g",
    "description": "Pain complet riche en fibres et minéraux, sans acide phytique grâce à la longue fermentation au levain. ingrédients : Pain complet riche en fibres et minéraux, sans acide phytique grâce à la longue fermentation au levain.",
    "prix": 4.59,
    "unite": 1,
    "image_filename": null
  },
  {
    "id": 5929,
    "catalog_file_id": 275,
    "produit": "Pain au Maïs en petit moules 500 g",
    "description": "Farine de Maïs Ancien Grand Roux Basque\r\nBlé et Graines de tournesol ingrédients : Farine de Maïs\r\nFarine de Blé T65\r\nLevain de Blé, eau, sel\r\nGraines de tournesol\r\nCurcuma",
    "prix": 3.69,
    "unite": 1,
    "image_filename": null
  },
  {
    "id": 5930,
    "catalog_file_id": 275,
    "produit": "Pain Intégral Grand Moulé 1300 g",
    "description": "Pain au levain de seigle, réalisé avec l'intégralité du grain de blé.  Très riche en fibres et minéraux ingrédients : Farine de Blé T80, Rémoulage, son gros, son fin,  levain de Seigle T170, eau, sel",
    "prix": 4.59,
    "unite": 1,
    "image_filename": null
  },
  {
    "id": 5931,
    "catalog_file_id": 275,
    "produit": "Pain aux Noix Grand Moulé 1300 g",
    "description": "Un pain aux noix concassées et réhydratées, sur la base du pain de Campagne.  ingrédients : Farine de Blé T80, levain de Seigle T170, Noix, eau, sel",
    "prix": 8.23,
    "unite": 1,
    "image_filename": null
  },
  {
    "id": 5932,
    "catalog_file_id": 275,
    "produit": "Brioche 450 g",
    "description": "Brioche au beurre Isigny Sainte Mère AOP et aux oeufs. Pas de lait ni d'eau. ingrédients : Farine de Blé T65, Levain de laitOeufs entiers, beurre Isigny St Mère, sucre de canne, sel, levure ",
    "prix": 6.18,
    "unite": 1,
    "image_filename": null
  },
  {
    "id": 5933,
    "catalog_file_id": 275,
    "produit": "Brioche Provençale \"Pompe à l'huile\"",
    "description": "Brioche sans beurre ni œuf, dessert traditionnel du diner des apôtres,\r\nNaturellement Vegan ingrédients : Farine de Blé T65\r\nLevain de Blé\r\nEau, sel, levure\r\nHuile d'Olive",
    "prix": 1.58,
    "unite": 1,
    "image_filename": null
  },
  {
    "id": 5934,
    "catalog_file_id": 275,
    "produit": "Pain de Riz et Sorgho aux graines en petit moule 500 g",
    "description": "Base du pain de riz et Sorgho, \r\nMélange de graines oléagineuses\r\n ingrédients : Farine de Riz\r\nfarine de sorgho\r\neau, sel, levain, huile d'olive\r\n\r\nLin brun, lin doré, pavot, sésame, tournesol.",
    "prix": 4.91,
    "unite": 1,
    "image_filename": null
  },
  {
    "id": 5935,
    "catalog_file_id": 275,
    "produit": "Roulé Cannelle 100 g",
    "description": "Sur une base de pain au lait, incorporation d'un beurre cannelle, puis tressage. ingrédients : Farine de Blé T65, lait, oeuf, beurre, sucre, sel, cannelle, levure",
    "prix": 1.69,
    "unite": 1,
    "image_filename": null
  },
  {
    "id": 5936,
    "catalog_file_id": 275,
    "produit": "Shokupan 1400 g",
    "description": "Pain de Mie de tradition Japonaise réalisée sur 3 pâtes et au levain de Panettone. \r\nConservation exceptionnelle de 10 jours sous film.\r\n11cm x 11cm x 36 cm ingrédients : Farine de Blé T55,\r\nLevain de Panettone\r\nLait, eau, sucre de canne, beurre isigny sainte mère,\r\nsel",
    "prix": 11.92,
    "unite": 1,
    "image_filename": null
  },
  {
    "id": 5937,
    "catalog_file_id": 275,
    "produit": "Crackers",
    "description": "Crackers au levain de seigle et graines oléagineuses, huile d'olive, origan ingrédients : Farine de Blé T80\r\nFarine de Seigle T170\r\neau, sel, Lin Brun, Lin doré, Pavot, Sésame , Tournesol, Huile d'Olive, Origan",
    "prix": 15.09,
    "unite": 1,
    "image_filename": null
  },
  {
    "id": 5938,
    "catalog_file_id": 275,
    "produit": "Cookies Noix-Noisettes-Chocolat",
    "description": "Cookies de 70 g\r\nGénéreusement garni de Noix, Noisettes et Chocolat ingrédients : Farine de Blé T65,\r\nOeufs entier, Beurre Isisgny Ste Mère, Sucre de Canne, \r\nNoix, Noisettes, Chocolat noir 66%\r\nsel, poudre levante",
    "prix": 1,
    "unite": 1,
    "image_filename": null
  },
  {
    "id": 5939,
    "catalog_file_id": 275,
    "produit": "Canistrellis",
    "description": "Biscuits de tradition Corse, à l'anis, huile d'olive et vin blanc ingrédients : Farine de Blé T65,\r\nhuile d'olive, vin blanc, sucre, sel, graines d'anis, poudre levante",
    "prix": 15.56,
    "unite": 1,
    "image_filename": null
  },
  {
    "id": 5940,
    "catalog_file_id": 275,
    "produit": "Brownie",
    "description": "Brownie aux Noix et chocolat noir 66% ingrédients : Farine de Blé T65\r\n Beurre Isigny St Mère, Œuf entier, sucre, noix, sel, poudre levante",
    "prix": 2.69,
    "unite": 1,
    "image_filename": null
  },
  {
    "id": 5941,
    "catalog_file_id": 275,
    "produit": "Pain de Campagne Grand Moulé 1300g",
    "description": "Pain de Campagne cuit en moule rectangulaire. ingrédients : Farine de Blé T80, levain de Seigle T170, eau, sel",
    "prix": 4.43,
    "unite": 1,
    "image_filename": null
  },
  {
    "id": 5942,
    "catalog_file_id": 275,
    "produit": "Cake au citron",
    "description": "Pour les amoureux du citron !\r\nZest de citron, jus de citron, citron confit, sirop de citron. ingrédients : Farine de Blé T65,\r\nCitron jaune\r\nSucre de canne, Œuf entier, beurre Isigny Ste Mère, amidon de Maïs, sel ",
    "prix": 7.91,
    "unite": 1,
    "image_filename": null
  },
  {
    "id": 5943,
    "catalog_file_id": 275,
    "produit": "Pain de Campagne Grand Moulé 1500g",
    "description": "Pain de Campagne cuit en moule rectangulaire. ingrédients : Farine de Blé T80, levain de Seigle T170, eau, sel",
    "prix": 4.43,
    "unite": 1,
    "image_filename": null
  },
  {
    "id": 5944,
    "catalog_file_id": 275,
    "produit": "Pain de Campagne Banneton 1000 g",
    "description": "Pain façonné en banneton osier et cuit à même sur la sole du four. Une croûte profonde et mie ouverte. ingrédients : Farine de Blé T80, levain de Seigle T170, eau, sel",
    "prix": 4.43,
    "unite": 1,
    "image_filename": null
  },
  {
    "id": 5945,
    "catalog_file_id": 275,
    "produit": "Sechskornbröt Petit moulé 500 g",
    "description": "Farine de Seigle Complet Blé semi complet Levain de seigle Sel et eau Tournesol, flocon d'avoine, lin brun, lin doré, graines de courge",
    "prix": 2.95,
    "unite": 1,
    "image_filename": null
  },
  {
    "id": 5946,
    "catalog_file_id": 275,
    "produit": "Pain aux graines Grand Moulé 1300g",
    "description": "Pain aux graines oléagineuses sur base de pain de campagne.  ingrédients : Farine de Blé T80, levain de Seigle T170, lin brun, lin doré, tournesol, sésame, pavot, eau, sel",
    "prix": 5.05,
    "unite": 1,
    "image_filename": null
  },
  {
    "id": 5947,
    "catalog_file_id": 275,
    "produit": "Pain aux graines Banneton 1000g",
    "description": "Pain façonné en banneton osier et cuit à même sur la sole du four. Une croûte profonde et mie ouverte. ingrédients : Farine de Blé T80, levain de Seigle T170, lin brun, lin doré, tournesol, sésame, pavot, eau, sel",
    "prix": 5.05,
    "unite": 1,
    "image_filename": null
  },
  {
    "id": 5948,
    "catalog_file_id": 275,
    "produit": "Brioche 900 g",
    "description": "Brioche au beurre Isigny Sainte Mère AOP et aux oeufs. Pas de lait ni d'eau. ingrédients : Farine de Blé T65, \r\nLevain de lait\r\nOeufs entiers, beurre Isigny St Mère, \r\nsucre de canne, sel, levure ",
    "prix": 12.55,
    "unite": 1,
    "image_filename": null
  },
  {
    "id": 5949,
    "catalog_file_id": 275,
    "produit": "Pain complet Grand Moulé 1300g",
    "description": "Pain complet riche en fibres et minéraux, sans acide phytique grâce à la longue fermentation au levain. ingrédients : Farine de Blé T80, Rémoulage, son fin,  levain de Seigle T170, eau, sel",
    "prix": 4.59,
    "unite": 1,
    "image_filename": null
  },
  {
    "id": 5950,
    "catalog_file_id": 275,
    "produit": "Shokupan 500 g",
    "description": "Pain de Mie de tradition Japonaise réalisée sur 3 pâtes et au levain de Panettone. \r\nConservation exceptionnelle de 10 jours sous film.\r\n10cm x 10cm x 19 cm ingrédients : Farine de Blé T55,\r\nLevain de Panettone\r\nLait, eau, sucre de canne, beurre isigny sainte mère,\r\nsel",
    "prix": 4.85,
    "unite": 1,
    "image_filename": null
  },
  {
    "id": 5951,
    "catalog_file_id": 276,
    "produit": "paquet de 2 cuisses de poulet",
    "description": "8,70 €/kg   400g",
    "prix": 3.48,
    "unite": 1,
    "image_filename": null
  },
  {
    "id": 5952,
    "catalog_file_id": 276,
    "produit": "poulet entier (moyen)",
    "description": "7,50 €/KG    pour 1kg700",
    "prix": 12.75,
    "unite": 1,
    "image_filename": null
  },
  {
    "id": 5953,
    "catalog_file_id": 276,
    "produit": "Coquelet ",
    "description": "8,10 €/kg    pour 850 g",
    "prix": 6.88,
    "unite": 1,
    "image_filename": null
  },
  {
    "id": 5954,
    "catalog_file_id": 276,
    "produit": "pintade",
    "description": "9 €/kg   pour 1kg500",
    "prix": 13.5,
    "unite": 1,
    "image_filename": null
  },
  {
    "id": 5955,
    "catalog_file_id": 276,
    "produit": "Ailes de poulets",
    "description": "Paquet de 6 ailes",
    "prix": 4.8,
    "unite": 1,
    "image_filename": null
  },
  {
    "id": 5956,
    "catalog_file_id": 277,
    "produit": "Araignee de porc  La ferme d'Arracq",
    "description": " Sous vide environ 300 G ",
    "prix": 5.64,
    "unite": 1,
    "image_filename": null
  },
  {
    "id": 5957,
    "catalog_file_id": 277,
    "produit": "Rôti ",
    "description": "Sous vide environ 800g",
    "prix": 23.12,
    "unite": 1,
    "image_filename": null
  },
  {
    "id": 5958,
    "catalog_file_id": 277,
    "produit": "Lardons séchés La ferme d'Arracq",
    "description": "Sous vide environ 200 G \r\n ",
    "prix": 3.54,
    "unite": 1,
    "image_filename": null
  },
  {
    "id": 5959,
    "catalog_file_id": 277,
    "produit": "Chipolata par 5 La ferme d'Arracq",
    "description": "Sous vide environ 350 G ",
    "prix": 5.02,
    "unite": 1,
    "image_filename": null
  },
  {
    "id": 5960,
    "catalog_file_id": 277,
    "produit": "graisserons",
    "description": "pot de 190 gr",
    "prix": 3.94,
    "unite": 1,
    "image_filename": null
  },
  {
    "id": 5961,
    "catalog_file_id": 277,
    "produit": "Filet mignon La ferme d'Arracq",
    "description": " Sous vide environ 600 G ",
    "prix": 10.7,
    "unite": 1,
    "image_filename": null
  },
  {
    "id": 5962,
    "catalog_file_id": 277,
    "produit": "Boudin noir boyaux",
    "description": "sous vide 240 gr env. 14,35/kg",
    "prix": 3.45,
    "unite": 1,
    "image_filename": null
  },
  {
    "id": 5963,
    "catalog_file_id": 277,
    "produit": "Saucisse de Toulouse par 3 La Ferme d'Arracq",
    "description": "Sous vide environ 250 G ",
    "prix": 3.59,
    "unite": 1,
    "image_filename": null
  },
  {
    "id": 5964,
    "catalog_file_id": 277,
    "produit": "Cote de porc par 3 La ferme d'Arracq",
    "description": " Sous vide environ 600 G ",
    "prix": 7.63,
    "unite": 1,
    "image_filename": null
  },
  {
    "id": 5965,
    "catalog_file_id": 277,
    "produit": "Jambon de Bayonne en quart",
    "description": "Sous vide environ 1kg500",
    "prix": 39.12,
    "unite": 1,
    "image_filename": null
  },
  {
    "id": 5966,
    "catalog_file_id": 277,
    "produit": "Coppa tranchée",
    "description": "Sous vide 100g",
    "prix": 3.93,
    "unite": 1,
    "image_filename": null
  },
  {
    "id": 5967,
    "catalog_file_id": 277,
    "produit": "colis de porc bio prenium 5 KG",
    "description": "2X300 g d'araignée, 1kg200  côte de porc, 1kg200 filet mignon, 1 kg joue de porc, 1 kg rouelle",
    "prix": 95,
    "unite": 1,
    "image_filename": null
  },
  {
    "id": 5968,
    "catalog_file_id": 277,
    "produit": "Sauté ",
    "description": "Sous vide environ 500g",
    "prix": 6.38,
    "unite": 1,
    "image_filename": null
  },
  {
    "id": 5969,
    "catalog_file_id": 277,
    "produit": "Jambon de Bayonne tranché ",
    "description": "Sous vide environ 150 g",
    "prix": 5.67,
    "unite": 1,
    "image_filename": null
  },
  {
    "id": 5970,
    "catalog_file_id": 277,
    "produit": "Lomo séché tranché",
    "description": "Sous vide 100g",
    "prix": 3.93,
    "unite": 1,
    "image_filename": null
  },
  {
    "id": 5971,
    "catalog_file_id": 277,
    "produit": "Saucisson",
    "description": "190 g à 25,66 €/kg",
    "prix": 4.88,
    "unite": 1,
    "image_filename": null
  },
  {
    "id": 5972,
    "catalog_file_id": 277,
    "produit": "Boudin ",
    "description": "bocal 190 g ",
    "prix": 4.04,
    "unite": 1,
    "image_filename": null
  },
  {
    "id": 5973,
    "catalog_file_id": 277,
    "produit": "Pâté armagnac",
    "description": "bocal 190 g ",
    "prix": 4.15,
    "unite": 1,
    "image_filename": null
  },
  {
    "id": 5974,
    "catalog_file_id": 277,
    "produit": "Pâté de tête - Hure",
    "description": "bocal 190 g ",
    "prix": 4.15,
    "unite": 1,
    "image_filename": null
  },
  {
    "id": 5975,
    "catalog_file_id": 277,
    "produit": "Pâté campagne",
    "description": "bocal 190 g ",
    "prix": 4,
    "unite": 1,
    "image_filename": null
  },
  {
    "id": 5976,
    "catalog_file_id": 277,
    "produit": "Pâté piment",
    "description": "bocal 190 g ",
    "prix": 4.07,
    "unite": 1,
    "image_filename": null
  },
  {
    "id": 5977,
    "catalog_file_id": 277,
    "produit": "Rillettes",
    "description": "bocal 190 g ",
    "prix": 4.16,
    "unite": 1,
    "image_filename": null
  },
  {
    "id": 5978,
    "catalog_file_id": 277,
    "produit": "Chair à saucisse La ferme d'Arracq",
    "description": "Sous vide environ 500 G ",
    "prix": 5.95,
    "unite": 1,
    "image_filename": null
  },
  {
    "id": 5979,
    "catalog_file_id": 277,
    "produit": "Txitorra par 5 La ferme d'Arracq",
    "description": "sous vide environ 350 G ",
    "prix": 5.02,
    "unite": 1,
    "image_filename": null
  },
  {
    "id": 5980,
    "catalog_file_id": 277,
    "produit": "Poitrine de porc tranchée par 5 La Ferme d'Arracq",
    "description": "Sous vide environ 250 G ",
    "prix": 2.74,
    "unite": 1,
    "image_filename": null
  },
  {
    "id": 5981,
    "catalog_file_id": 277,
    "produit": "Coustou frais La ferme d'Arracq",
    "description": "Sous vide environ 500 G ",
    "prix": 3.82,
    "unite": 1,
    "image_filename": null
  },
  {
    "id": 5982,
    "catalog_file_id": 277,
    "produit": "Lardons frais La ferme d'Arracq",
    "description": " Sous vide environ 200 G ",
    "prix": 2.67,
    "unite": 1,
    "image_filename": null
  },
  {
    "id": 5983,
    "catalog_file_id": 277,
    "produit": "jambon blanc cuit  4 tranches La ferme d'Arracq",
    "description": "sous vide environ 200 G",
    "prix": 5.99,
    "unite": 1,
    "image_filename": null
  },
  {
    "id": 5984,
    "catalog_file_id": 277,
    "produit": "colis de porc  bio 10 KG",
    "description": "1KG  de chipolatas, poitrine tranchée, saucisses de Toulouse, chair à saucisse, coustou\r\n2X1KG de cotes de porc, 2X1KG sauté de porc,600 G de jarret, 2X200G lardons",
    "prix": 140,
    "unite": 1,
    "image_filename": null
  },
  {
    "id": 5985,
    "catalog_file_id": 277,
    "produit": "colis de porc frais",
    "description": "1 kg de chipolatas, côtes , poitrine tranchée, saucisses de Toulouse, sauté.",
    "prix": 70,
    "unite": 1,
    "image_filename": null
  },
  {
    "id": 5986,
    "catalog_file_id": 277,
    "produit": "joue",
    "description": "sous vide 250 gr   11,82/kg",
    "prix": 2.96,
    "unite": 1,
    "image_filename": null
  },
  {
    "id": 5987,
    "catalog_file_id": 277,
    "produit": "jarret",
    "description": "sous vide 1kg environ",
    "prix": 13.42,
    "unite": 1,
    "image_filename": null
  },
  {
    "id": 5988,
    "catalog_file_id": 277,
    "produit": "rouelle",
    "description": "sous vide 1kg env",
    "prix": 16.83,
    "unite": 1,
    "image_filename": null
  }
]